2728 4720
461 249 951 382 κου-ψ’

96 525 159 572 non
182 505 224 570 dc
246 503 349 570 Sunio·
365 505 474 580 antea,
505 500 562 564 aad
585 499 626 562 rie
646 497 829 564 coaluisse
849 494 1027 567 effecisset,
1052 496 1192 556 nostrum

95 615 202 678 locum
230 614 277 676 ita
304 609 531 674 emendandum
561 625 630 670 case
659 607 836 686 auspicatus
865 610 932 665 eat:
960 600 1062 673 νῆσος
1089 589 1192 676 Keroe

96 710 235 808 πρώζη,
259 712 474 800 τοτροίπολις,
494 711 642 777 Σουνίου
657 705 775 796 Ἐγγὺς
797 699 980 774 ὑπόκειται
1000 705 1058 772 καὶ
1078 696 1190 795 λιμὴν,

98 819 217 910 ἔχεται
247 817 400 900 Κύθνος.
449 823 599 886 Ueterum
626 821 832 885 (leosctiam
860 839 878 881 a
900 815 1193 912 Strabonezmemo·

97 940 168 997 rata
197 941 250 996 est
275 921 483 1014 τετράπολις
511 930 609 992 fuisse
639 929 680 990 cf.
710 927 753 1004 X,
778 927 857 990 486:
889 916 991 1000 Κέως
1012 913 1050 985 δὲ
1072 912 1194 1005 raccol-

97 1038 203 1117 πτολις
234 1030 299 1126 μὲν
326 1030 474 1120 ὑπῆρξε·
504 1031 694 1100 λείπονται·
714 1027 752 1098 δὲ
778 1026 861 1113 δύο,
891 1022 970 1117 ἥτε
988 1025 1107 1106 Ἰουλὶς
1136 1031 1195 1094 καὶ

98 1147 117 1232 ἡ
146 1143 343 1232 Kanotala,
377 1143 422 1218 εἰς
451 1137 494 1218 ἅς
520 1141 820 1228 συνεπολίσθησαν
849 1139 886 1204 αἱ
911 1135 1100 1223 λοιπαί·’ἡ
1129 1125 1200 1224 μὲν.

98 1252 283 1346 Ποιήεσσα
317 1253 364 1329 εἰς
398 1244 460 1341 τήν
488 1247 696 1337 Καρθαίαν·
726 1250 746 1338 ἡ
775 1240 813 1313 δὲ
841 1245 1027 1334 Κορρσσία
1056 1243 1104 1320 εἰς
1132 1234 1194 1333 τὴν

95 1360 264 1430 Ἰουλίδα.
335 1419 338 1428 .

154 1487 229 1564 ’νο
252 1501 323 1564 186.
345 1493 492 1580 ἔχεται
514 1493 684 1576 Κύθνος
705 1521 733 1563 κ.
755 1519 782 1559 τ.
806 1494 836 1562 λ.
878 1499 965 1578 Quae
986 1498 1091 1573 verba,
1112 1499 1195 1562 sicut

28 1617 35 1628 “
98 1611 250 1692 proxime
270 1610 443 1689 sequentia,
466 1609 586 1671 Gallius
607 1609 685 1670 nihil
707 1609 768 1670 nisi
789 1607 950 1668 metricam
972 1605 1034 1666 loci
1051 1605 1196 1684 Scylacei

99 1719 332 1798 expositionem
355 1735 425 1778 esse
449 1717 619 1779 adnotavit.

182 1885 231 1928 vs.
254 1863 324 1926 137.
346 1864 508 1948 Serapium,
531 1871 565 1925 ut
579 1864 760 1926 llolstenius
780 1861 863 1924 hunc
885 1862 923 1923 aal
938 1831 1042 1922 locum
1056 1859 1194 1924 animad-

98 1974 217 2049 vertit,
252 1992 271 2034 a
300 1971 461 2052 Stephano
488 1971 659 2051 Byzantina
695 1971 780 2032 inter
807 1969 967 2050 Sporades
997 1971 1123 2059 insulae
1142 1988 1196 2031 re·

100 2080 164 2144 lata
188 2087 247 2142 eat.

156 2267 158 2274 .
185 2241 232 2284 va.
255 2219 326 2282 188.
348 2220 439 2300 Quod
453 2219 591 2283 cimolos
605 2219 715 2296 insula,
737 2237 817 2298 quae
839 2235 877 2280 ex
891 2218 1035 2280 codicum
1056 2219 1195 2282 lectione

100 2327 159 2390 καὶ
180 2320 345 2410 innotos
366 2312 509 2413 ἐχομένη
530 2325 563 2387 n.
576 2326 777 2388 lorocenaita
797 2331 855 2404 eat,
876 2313 1011 2407 primum
1025 2327 1086 2388 hoc
1101 2329 1195 2388 versu

99 2436 132 2496 in
155 2434 329 2516 Cycladum
350 2452 480 2494 numero
503 2438 536 2494 ct
556 2432 651 2512 paulo
672 2439 744 2513 post
764 2451 808 2494 va.
846 2433 907 2494 145
928 2436 1012 2496 inter
1033 2435 1194 2517 Sporades

102 2543 277 2626 allegatur,
301 2543 368 2623 jam
389 2541 572 2602 Holstcniua
600 2535 792 2621 magnopere
822 2542 960 2605 offensus
990 2549 1047 2604 est.
1097 2546 1196 2624 Quam

101 2651 271 2732 scriptoris
292 2655 433 2729 apertam
454 2649 692 2728 repugnantiam
714 2647 916 2711 considerans
937 2651 1076 2714 Marxius
1098 2673 1204 2734 quum,

102 2760 189 2820 inter
222 2756 375 2838 Cyclades
401 2755 505 2816 Paron
541 2755 738 2819 desideraret
768 2766 898 2835 eamque
928 2758 1013 2818 inter
1038 2759 1193 2838 Siphnum

103 2873 138 2928 et
158 2865 271 2928 Delum
291 2867 381 2926 sitam
403 2883 473 2925 esse
494 2869 601 2924 nosset
621 2882 657 2924 ac
678 2871 846 2943 praeterea
860 2864 1022 2944 Scylacem
1044 2868 1124 2928 Paro
1145 2870 1194 2932 in·

105 2975 194 3036 sulae
221 2973 300 3034 aluos
328 2977 440 3052 portua
467 2971 673 3050 assignantem
702 2966 873 3053 (Σίφνος,
902 2965 1023 3053 Πάρος
1051 2966 1194 3054 λιμένας

105 3072 236 3164 ἔχουσα
257 3071 344 3164 orio)
366 3077 568 3153 contulisset,
597 3085 735 3138 nostrum
760 3097 881 3140 versum
903 3081 946 3140 ita
968 3082 1194 3150 emendandum

58 3225 61 3231 -
107 3209 178 3252 osae
210 3189 384 3268 auspicatus
412 3191 461 3248 eat
489 3178 612 3248 ἔπειτα
639 3183 770 3270 Σίφνος
805 3188 862 3250 καὶ
890 3182 1009 3270 Πάρος
1038 3167 1194 3280 ἐχομένη,

24 3348 27 3366 ,
107 3315 200 3376 quam
221 3297 384 3370 rationem,
405 3293 528 3354 etiamsi
548 3300 681 3354 metrum
695 3300 925 3373 corrumperet,
945 3295 978 3357 io
998 3300 1194 3378 anagraplrea

107 3409 212 3466 tamen
244 3408 373 3463 auctore
400 3398 462 3462 non
489 3400 719 3480 elegantissimo
749 3401 869 3464 Gallius
901 3421 1027 3482 quoque
1064 3406 1196 3472 tolerari

107 3529 203 3590 pocae
223 3509 354 3570 censuit.
407 3507 454 3570 lla
474 3525 511 3568 re
532 3526 550 3566 a
571 3507 693 3569 Murrio
715 3508 926 3570 animadversa
947 3510 1040 3589 plane
1061 3531 1194 3577 consen-

107 3617 190 3678 tiens
210 3613 359 3678 llrelaaiua
379 3611 468 3674 lectt.
489 3613 601 3692 arao,
627 3620 664 3674 ut
690 3615 841 3676 metricae
861 3615 953 3676 simul
973 3617 1098 3682 sanitati
1118 3639 1194 3683 con·

106 3725 247 3802 soleret,
267 3724 346 3785 hauc
367 3725 598 3806 conjecturam,
631 3740 721 3802 quam
743 3725 944 3786 Buttmaunua
969 3725 1086 3790 deinde
1107 3747 1193 3794 com·

109 3833 264 3912 probavit,
283 3834 317 3894 in
331 3831 467 3894 medium
483 3833 632 3913 protulit:
654 3820 739 3892 εἶτεν
750 3822 902 3916 Σέριφος
923 3834 981 3894 καὶ
1001 3826 1098 3921 λιμὴν
1118 3831 1193 3899 Καὶ

109 3934 224 4013 πόλις,
245 3933 366 4002 ἔπειτα
380 3935 511 4023 Σέφνος
532 3941 588 4002 καὶ
603 3933 723 4022 Πάρος
744 3935 903 4025 ἐχομένη.
946 3940 1101 4021 Equidem
1117 3944 1208 4022 quio

20 4105 22 4110 .
110 4045 151 4110 (lc
178 4048 241 4110 hcc
269 4047 340 4112 loco
372 4065 515 4114 censeam
544 4049 577 4111 la
605 4047 826 4112 dissertatione
855 4048 895 4110 dc
922 4049 1101 4132 aocgaaphe
1123 4051 1203 4116 uni·¹

22 4169 30 4246 Ἰ
109 4171 200 4218 verra
221 4157 361 4236 exposui.
