2720 4724
183 493 305 566 χιοτον
325 470 526 559 εἰσάγονται
544 462 748 560 τριάιιογτα.
784 469 806 536 ό
827 461 905 559 γάρ
930 471 1141 565 μνησθείς
1160 470 1204 540 ἑν
1225 474 1284 558 τῷ

137 578 138 584 ’
175 575 339 676 πλήθει
372 580 477 668 περί
505 601 623 658 τινος
663 575 867 646 τοισότου
908 581 978 646 καί
1021 573 1077 669 μὴ
1118 572 1285 660 εὐθέως

173 688 358 780 ,ἀπάρας
378 688 420 758 ἐκ
441 690 515 780 τῆς
534 687 776 767 Βοιωτίας,
812 681 923 754 ἀλλά
950 679 1023 756 τόν
1044 686 1285 774 ἐλάχιστον

181 800 325 894 μείνας
346 796 390 866 όν
409 798 456 889 τῇ
476 791 605 869 πόλει
625 789 807 884 χρόνον,
826 791 916 886 μετ’
941 795 990 862 οὔ
1010 791 1123 864 πολὺ
1144 816 1284 888 παρα-

182 907 387 998 τηρτγθεὶς
408 896 564 983 νυκτός
585 897 669 988 ὑπό
700 905 785 972 τῶυ
817 900 865 970 οὐ
896 900 1177 998 βουλομένων
1207 900 1285 986 τός

184 1017 302 1096 δίκας
324 1011 635 1082 συντελιισθαι
662 1006 842 1098 θανάτιγι
873 1010 1002 1099 βιαίῳ
1034 1011 1283 1106 ζτγμιοῦται

104 1159 106 1166 ·
183 1126 318 1220 φόνοι
339 1117 386 1192 66
411 1121 512 1212 παρ’
544 1121 693 1199 αὐτοῖς
714 1113 791 1188 διόι
812 1112 883 1198 τοὶς
904 1117 1120 1205 τυχοόσας
1140 1122 1286 1209 γίνον-

182 1263 255 1308 ται
283 1234 443 1310 αἰτίας.
477 1224 560 1311 τοὺς
579 1225 642 1323 μὲν
664 1215 725 1298 οὖν
747 1227 874 1356 ἀνδρας
897 1231 1079 1319 συμβαίνει
1098 1229 1286 1312 τοιούτους

166 1341 285 1416 1εἶναι
321 1335 543 1429 διατρίχουσι
570 1330 610 1406 δέ
631 1359 720 1418 τινες
740 1337 777 1406 ἑν
799 1339 922 1416 αὐτοῖς
943 1332 1141 1425 ἀξιόλογοι,
1175 1361 1284 1431 μεγα-

53 1505 56 1510 .
181 1447 352 1554 λόψυγοι,
373 1443 488 1541 πάογς
508 1440 605 1529 ἀξιοι
626 1446 754 1535 φιλίας.
776 1470 814 1512 αι
807 1439 876 1512 δὲ
896 1455 1052 1532 γυναικες
1073 1443 1193 1515 αότων
1207 1458 1286 1527 τοῖς

140 1623 142 1632 .
181 1556 372 1657 μεγέθεσι,
380 1559 558 1648 πορείαις,
579 1553 727 1647 ῥυθμοῖς
749 1549 1067 1643 ιάοχιγμονόσταταί
1087 1573 1124 1620 τι
1144 1559 1208 1624 καί
1228 1553 1286 1622 εό-

175 1667 424 1762 πρεπόσταται
443 1691 517 1736 των
540 1663 576 1734 ἐν
596 1666 640 1756 τῇ
655 1660 799 1732 Ἑλλιίδι
820 1664 999 1750 γυναικιόν.
1022 1674 1196 1806 μαρτυρεῖ
1211 1664 1286 1732 Σο-

184 1781 357 1875 φοιλῆς·

286 1887 406 2019 Θήβας
426 1881 466 1954 λέ
467 1906 542 1974 γεις
553 1905 616 1976 μοι
635 1876 700 1960 τοίς
719 1878 868 1960 πόλας’
853 1875 1125 1970 επταστόμους,

284 2023 326 2066 ου
349 1992 391 2090 δὴ
410 1985 521 2088 μόνον
542 1991 760 2060 τίκτουσινα
761 1989 921 2080 ἱθνιγταὶ
940 1988 1057 2068 θεοός.

176 2105 226 2180 τό
248 2110 322 2178 τῶν
342 2101 524 2198 ἱματίων
509 2106 563 2168 επὶ
583 2101 645 2190 τῆς
658 2095 812 2204 κεφαλῆς
825 2092 988 2188 κοίλυμμα
1002 2094 1164 2164 τοιοῦτόν
1177 2097 1285 2177 ἔστιν,

186 2211 305 2306 ωσπερ
342 2211 577 2300 προσωπιδίιγι
612 2209 729 2274 δοκεῖν
761 2207 834 2273 πᾶν
866 2197 908 2271 τό
937 2202 1142 2294 πρόσωπον
1165 2227 1284 2274 κατει-

165 2326 332 2417 ,λῆφθαι
354 2322 399 2389 οἱ
417 2312 497 2410 γάρ
521 2309 755 2405 ὀφθαλμοί
782 2311 1097 2401 διαφαίνονται
1124 2307 1300 2406 μόνον,’

176 2458 236 2514 ιτα
222 2425 303 2500 δί
324 2422 459 2500 λοιποὶ
478 2421 582 2556 μίργγ
603 2425 682 2490 τοῦ
702 2413 949 2508 προσώπου
979 2415 1130 2490 πάντα
1156 2419 1284 2490 κατέ·

128 2619 130 2626 s
181 2560 305 2629 χεται
326 2544 418 2614 τοῖς
446 2521 651 2632 ἱματίοις.
684 2525 889 2617 φοροῦσιδ
913 2523 1005 2596 αότά
1025 2533 1142 2598 πασαι
1160 2524 1284 2598 λευκα

183 2637 288 2714 τόδὲ
302 2648 468 2771 τρίχωμα
490 2634 664 2726 ξανθόν,
682 2631 934 2729 ἀναδεδεμένον
962 2626 1061 2726 μόχρι
1091 2639 1152 2729 τῆς
1176 2633 1297 2725 κορυ-’.

183 2755 271 2845 φῆς·
293 2776 314 2818 ο
302 2744 379 2841 ’δὴ
401 2741 597 2819 καλεῖται
580 2737 649 2814 υπό
670 2767 744 2811 των
765 2739 943 2830 ἐγχωρίων
959 2738 1173 2838 λαμπάδιον.
1193 2741 1286 2812 ιἰπό-

71 2864 74 2870 ’
174 2851 276 2992 διγμα
296 2855 416 2940 λιτόν,
433 2881 475 2924 ον
465 2848 610 2936 ’,βαθό
633 2873 815 2944 φοινικονν
837 2844 942 2918 δὲ
899 2874 940 2942 ιγ
960 2854 1064 2938 χρσιᾶ
1085 2857 1143 2920 καὶ
1160 2875 1285 2920 ταπει·

182 2965 262 3040 νόν·
297 2959 481 3036 ἀσκλωτόν
502 2956 560 3045 δέ,
592 2956 682 3029 ωιτν
711 2951 862 3048 γυμνοός
892 2951 1017 3043 σχεδόν
1046 2959 1287 3049 ἐκφαίνεσθαι

12 3141 29 3180 ·;
147 3153 150 3162 ,
177 3069 268 3156 τοός
286 3071 412 3154 πόδας.
438 3071 505 3139 εἰσί
525 3063 568 3138 66
588 3074 646 3137 καί
665 3077 744 3146 ταῖς
765 3063 912 3158 ὁμιλίαις
932 3088 973 3133 ον
963 3064 1073 3134 λίαν
1092 3064 1286 3152 Βοιιότιαι,

68 3251 71 3256 .
182 3182 322 3279 μᾶλλον
352 3175 391 3248 66
412 3173 610 3250 Σικυωνιαι.
642 3173 749 3264 καὶὴ
778 3165 930 3264 φωνῆδ
954 3165 1072 3242 αὐτων
1092 3173 1225 3243 ἐστίν’
1208 3178 1287 3243 επί-

109 3293 140 3328 s,
183 3313 300 3380 καρίς.
322 3284 453 3358 w&
475 3279 678 3374 ἀνθρώπων
700 3273 940 3410 ἀιερπῆςήδίιΙ
945 3281 1084 3368 βαρεῖα.
1104 3278 1288 3372 ίνθερίσαι

44 3433 75 3471 ι,
185 3421 249 3488 μιν
270 3421 291 3488 ιγ
280 3386 415 3475 πόλις
436 3394 497 3464 οἵα
518 3392 692 3484 βελτίστῃ·
729 3381 773 3456 τό
802 3410 841 3458 τε
870 3381 937 3518 γάρ
969 3383 1066 3479 ὕδωρ
1096 3383 1228 3458 πολυ’
1210 3413 1287 3476 εχει
1353 3443 1354 3458 .

184 3509 247 3574 καί
269 3496 403 3598 ψυχρόν
425 3505 486 3572 καί
507 3497 648 3591 κγ’πους.
640 3493 743 3566 εστι
763 3493 798 3563 δ
819 3490 982 3591 εὐόνεμσς
996 3490 1046 3563 ἔτι
1064 3493 1285 3588 καίχλωρυίν

185 3608 318 3696 ἔχουσα
339 3637 403 3704 τιγν
431 3602 628 3701 πρόσοψιν,
664 3596 845 3692 ἐχόπωρός
871 3625 908 3670 τε
935 3608 994 3672 καί
1019 3613 1096 3684 τοις
1121 3607 1283 3694 θερινοῖς

163 3717 301 3800 ,ωνίοις
322 3715 499 3847 ἄφθονος
537 3707 727 3797 ἀξνλοςδλ
746 3717 803 3781 καὶ
823 3702 1027 3839 ε’γχειμοίσαι
1048 3712 1108 3778 οία
1127 3720 1283 3806 χειρίστη

185 3822 247 3896 διά
266 3848 305 3894 τε
325 3820 407 3906 τοὺς
426 3816 613 3914 ποταμους
632 3827 690 3891 καί
709 3812 756 3886 τοὶ
768 3812 963 3910 πνεύματα·
985 3823 1043 3888 καί
1056 3813 1122 3910 γάρ
1138 3826 1281 3912 νίφεται

184 3937 248 4002 καί
267 3926 419 4025 πιγλὸν’
401 3952 472 4016 εχει
492 3923 615 4000 πολόν.
651 3928 688 3996 οἱ
706 3933 816 4012 στίχοι
836 3917 1005 4004 Λάωνος·
1040 3919 1203 4016 γράφει
1231 3930 1255 3994 6
1263 3922 1294 3995 ε’

99 4095 101 4100 ,
186 4035 384 4110 ιἰπαινυῖν
406 4032 565 4116 αὐτοὺς
585 4040 661 4105 καί
687 4023 904 4124 εὐλόγων
933 4028 1012 4128 τήν
1043 4030 1281 4126 ἀλήθειαν·

117 4187 123 4200 ·
185 4139 336 4244 μοιχός
355 4137 434 4233 γάρ
457 4139 588 4224 ἀλαός
608 4141 764 4234 ἀφείθη
783 4143 941 4238 μικροί
960 4134 1177 4236 διαφόρου
1198 4135 1281 4213 τόν

186 4247 453 4348 ἀδικηθέντα
473 4244 758 4341 ίξαγοράσας·
