2734 4718
178 518 321 604 pertinet
348 535 393 582 ιι.
414 517 453 580 11
483 518 551 582 siue
578 511 733 581 ulla.iere
752 517 785 581 vi
810 521 1014 599 usurpatum,
1044 533 1089 581 vs.
1108 515 1151 580 bi
1170 517 1275 582 forms

177 623 341 701 Ardotalia
369 627 443 690 loco
464 627 608 710 vulgatae
628 623 808 700 Antiadala
828 627 968 708 prolata,
996 645 1041 688 ιι.
1062 626 1125 690 117
1147 618 1217 707 ἔχει
1237 617 1276 690 db

177 728 348 820 βάρβαρα
369 729 582 818 Αύτόχθοια
603 728 681 822 γένη
707 753 769 818 pro
790 753 829 796 eo
857 736 942 815 qaod
964 737 1143 798 accuratius
1164 736 1276 800 dicen·

177 841 253 906 dum
286 843 392 908 luerat
425 835 496 923 ἔχει
528 831 568 904 δὲ
604 842 676 906 καὶ
705 829 909 926 βάρβαρα
938 834 1153 926 Αὐτόχθοια
1183 833 1275 931 γένῃ,

176 968 221 1013 as.
244 951 307 1014 lau
333 944 465 1033 ἔχοισα
486 938 630 1038 λιμένας
659 941 703 1026 β’.
723 943 813 1039 μετὰ
835 943 963 1038 ταύτην
984 947 1022 1014 δ’
1044 947 1135 1014 ἐστὶν
1156 946 1198 1036 ἡ,
1221 953 1278 1016 ubi

176 1075 238 1144 pro
265 1067 341 1124 uota
360 1061 515 1124 numerali
543 1061 674 1123 verbum
695 1059 857 1122 numerale
885 1077 925 1124 ua
946 1059 1182 1141 pronuntiando
1205 1063 1277 1141 qul-

175 1167 249 1231 dem
270 1168 521 1232 substituendum
543 1188 612 1232 esse
633 1169 711 1232 mihi
730 1169 866 1246 videtur,
886 1167 942 1230 sed
963 1187 1073 1234 versus
1092 1167 1156 1230 boc
1178 1169 1277 1231 modo

172 1275 377 1340 recitandus:
399 1267 528 1358 ἔχουσα
542 1267 619 1364 iani
638 1259 716 1358 [ιιῖς
728 1256 771 1352 ᾖ.
793 1256 885 1361 (abaci
906 1256 986 1358 ιαἰἷ]
1001 1285 1062 1364 epu
1079 1273 1115 1339 δ’
1130 1272 1227 1339 ἐστὶν
1243 1275 1275 1364 ἡ.

174 1384 209 1446 Si
230 1386 314 1447 euim
335 1378 402 1447 δύο
424 1387 703 1465 substituemus,
733 1388 766 1450 in
788 1386 900 1448 eadem
922 1385 1053 1468 dipodia
1073 1385 1220 1466 dactylus
1242 1391 1276 1448 el

174 1499 362 1576 anapaestus
389 1513 425 1559 ae
446 1497 651 1577 exciperent,
683 1497 774 1580 cujus
805 1496 932 1579 generis
952 1495 1117 1556 metricam
1137 1493 1276 1556 formam

172 1603 206 1666 lu
226 1603 380 1666 trimetris
409 1603 610 1666 vulcominis
637 1605 749 1685 respui
776 1605 840 1666 riri
859 1623 967 1665 rernm
987 1603 1194 1665 metricanuui
1216 1619 1276 1684 pe·

172 1712 229 1776 riti
250 1713 366 1775 merito
381 1713 585 1776 contendunt.
626 1713 830 1774 liuttmannus
847 1731 962 1774 nomen
982 1713 1088 1792 ipsum
1101 1705 1275 1787 numerale,

172 1822 209 1882 ut
221 1819 360 1897 videtur,
381 1823 562 1884 necessario
576 1819 806 1884 restituendum
824 1838 894 1881 esse
914 1819 1084 1882 arbitratus
1099 1803 1275 1882 hailc'con-

165 1925 328 2012 Jecturam
352 1930 539 2009 proposuit:
581 1921 713 2006 ἔχουσα
739 1919 882 2011 λιμένας
910 1914 993 1988 δύο·
1022 1913 1113 2009 μετά
1142 1913 1183 1986 δὲ
1211 1917 1274 2010 τὴν

147 2019 151 2026 ’
171 2027 262 2096 ἐστιν
284 2031 316 2116 ἡ.
359 2035 464 2100 Quum
480 2037 574 2100 metri
595 2037 698 2118 gralia
718 2035 797 2096 baec
819 2039 853 2096 ct
873 2033 934 2097 alia
954 2032 1131 2096 indicendi
1151 2051 1275 2114 genere

170 2144 305 2224 peccato
326 2157 396 2203 esse
417 2139 646 2223 intelligamus,
678 2145 712 2204 in
733 2147 884 2223 promptu
907 2123 1012 2222 posits
1033 2146 1083 2202 eat
1103 2142 1273 2216 sententia,

172 2265 236 2327 qua
257 2247 298 2309 de
318 2251 451 2312 metrica
465 2251 636 2332 fragmenti
655 2251 779 2312 ratione
800 2250 882 2312 bene
897 2251 1076 2312 sentiamus.
1117 2249 1182 2312 Sed
1205 2258 1274 2326 tan·

169 2360 238 2416 tum
259 2355 357 2433 abest,
378 2361 414 2418 ut
427 2373 537 2420 versus
557 2358 633 2420 boni
652 2359 704 2419 vel
725 2355 765 2418 sd
785 2357 947 2420 minimum
966 2357 1051 2419 reati
1071 2357 1274 2422 existimandi
1357 2331 1358 2355 Χ

170 2463 253 2539 aint,
286 2469 323 2525 ut
342 2463 467 2527 Osanno
496 2463 569 2527 fere
596 2466 749 2527 aasentias·
778 2469 940 2526 auctorem
970 2465 1071 2528 uoatri
1098 2463 1274 2545 fragmenti

171 2575 315 2636 censenti
335 2571 376 2635 de
397 2579 509 2636 natura
530 2575 668 2637 trimetri
696 2572 823 2636 iambici
843 2571 915 2635 fere
935 2572 1015 2635 nibil
1035 2573 1195 2654 comperti
1210 2573 1273 2634 laa-
1354 2633 1355 2651 ,

171 2680 279 2742 bulssa
308 2681 359 2743 val
387 2681 498 2743 saltem
518 2681 702 2762 reperisse,
733 2681 851 2743 ceteris
874 2697 985 2742 versus
1013 2680 1149 2762 pedibus
1177 2679 1273 2762 plana
1353 2733 1354 2751 ,

170 2787 344 2869 neglectis,
364 2790 425 2852 nisi
448 2787 533 2871 quod
553 2789 682 2852 ultimus
702 2807 761 2870 pes
782 2789 903 2852 iambus
924 2807 994 2851 esse
1016 2788 1161 2851 deberet.
1203 2789 1274 2868 Qus
1352 2843 1353 2849 ,

170 2901 275 2958 tamen
303 2897 336 2959 in
356 2915 395 2958 re
415 2915 478 2960 uon
499 2899 626 2978 penitus
644 2897 763 2960 latitius
784 2897 912 2973 iverim,
943 2893 1006 2958 boc
1026 2893 1082 2958 illo
1104 2897 1177 2958 lucu
1199 2913 1273 2958 cor·

170 3003 330 3083 ruptelam
353 3005 540 3085 irrepsisse,
573 3010 635 3086 (pua
663 3004 704 3065 da
731 3004 838 3066 medio
868 3004 989 3066 sublata
1020 3005 1114 3066 etiam
1135 3005 1272 3067 metrica
1350 3041 1351 3049 ι

169 3109 253 3173 ratio
274 3109 316 3173 ad
336 3111 485 3174 meliores
505 3111 615 3193 lruges
635 3111 779 3177 reditura
798 3113 850 3176 sit.
899 3111 1007 3175 Nihilo
1034 3113 1137 3173 miuus
1157 3131 1272 3174 caven·
1349 3123 1350 3147 l

170 3216 256 3280 dum·
268 3221 319 3280 est
338 3236 390 3296 ne,
410 3219 466 3282 ubi
480 3219 614 3306 simplex
636 3219 825 3282 emendandi
840 3220 921 3280 ratio
942 3237 1004 3282 non
1018 3223 1147 3299 praesto
1169 3217 1273 3292 adest,
1348 3229 1349 3247 ¹

171 3343 254 3406 quae
282 3310 569 3410 negligentissimus
597 3332 709 3385 auctor
735 3326 929 3387 commiserit
956 3324 1163 3386 librariorum
1184 3327 1273 3388 vitiis
1346 3321 1348 3412 J

169 3433 326 3518 originem
357 3429 477 3492 debere¹
504 3409 712 3511 suspicemur.
753 3432 892 3512 leuatum
924 3431 1116 3496 didacticum
1147 3435 1271 3498 severis
1346 3413 1347 3445 ¹

49 3611 52 3616 ¹
169 3539 309 3602 trimetri
335 3539 451 3620 tragici
477 3537 602 3620 iegibus
623 3539 778 3620 obstringi
798 3557 861 3601 non
881 3540 1024 3622 poluisse
1044 3544 1136 3622 patet
1157 3547 1208 3616 et,
1237 3547 1274 3608 ut

168 3647 203 3712 id
222 3645 322 3712 unilt
339 3665 380 3709 re
399 3644 513 3711 similis
533 3645 681 3722 elimam,
701 3647 734 3710 ia
754 3638 990 3732 περιηγήσεως
1006 3663 1081 3711 suaa
1101 3650 1270 3730 prooemio

169 3753 323 3837 Scymnus
336 3753 435 3822 cuius
455 3773 525 3818 aeae
547 3741 608 3835 per
627 3743 709 3838 c'pua
729 3773 819 3819 snum
833 3755 955 3818 comico
976 3762 1079 3822 metro
1094 3773 1185 3818 ιιιιιιιι
1200 3775 1272 3820 essa

171 3859 300 3928 disertis
318 3861 426 3926 uerbis
447 3862 619 3943 profitetur
638 3861 680 3925 ei.
700 3879 746 3926 ιι.
760 3864 780 3925 1
796 3875 866 3949 sqq.
888 3870 922 3927 et
941 3881 986 3926 rs.
999 3864 1043 3926 88
1056 3883 1126 3945 sqq.
1148 3854 1269 3948 μέτρῳ

168 3958 211 4034 ,di
231 3959 362 4060 anduno
389 3960 565 4034 iurcbdooc
584 3963 770 4057 προείλετο
798 3967 858 4052 Tol
887 3969 1032 4056 κωμικῷ
1061 3961 1104 4059 dr)
1126 3971 1190 4062 τῆς
1213 3991 1272 4036 σα·

171 4059 314 4164 abubalae
348 4072 452 4174 χάριν
488 4069 778 4166 Εὐμιιῃμόιιιυτοιι
808 4072 976 4167 ἐσομένῳ»
1011 4068 1123 4155 οὕτως
1158 4075 1269 4161 docio.

170 4185 291 4250 causae
317 4191 421 4250 autem
447 4187 562 4270 quibus
590 4187 716 4274 podiam
746 4187 937 4252 didacticum
965 4189 1086 4270 majore
1117 4187 1269 4250 libertate

170 4291 304 4358 metrica
325 4297 359 4359 at
379 4273 419 4360 sd
438 4293 599 4362 unluirunnu
620 4295 730 4362 cadem
754 4315 816 4382 qua
835 4299 974 4364 comicos
995 4297 1043 4362 uti
1064 4313 1200 4364 neumae
1222 4301 1271 4360 est
