2728 4720
493 261 857 342 “473-4

128 449 332 541 dpopodrd'
356 453 493 534 ἑαυτοῖς
507 448 863 535 ιιατοὶτόιιονςιίοιιιίι
877 461 1090 538 senensium,
1105 477 1216 543 magno

131 564 358 644 impedimento
379 565 450 627 iore
471 585 533 630 nou
554 565 754 632 crediderim.

217 691 261 734 va.
283 672 333 735 lt.
355 670 422 736 ἵνα
445 661 586 760 μηδὲν.
625 675 672 738 lta
685 675 863 756 Stephanus
884 694 1018 756 eumque
1038 678 1140 738 secuti
1155 677 1214 738 Zo-

131 778 267 844 simades
281 779 459 858 ediderunt,
479 801 582 863 neque
600 783 679 844 hane
693 777 837 844 codicum
853 783 1017 844 lectionem
1033 781 1122 864 ‘apud
1145 761 1218 844 ano-

130 889 271 968 graphes
299 889 426 968 quidem
455 900 614 954 auctorem
646 910 716 953 oum
746 891 919 954 Oesauhoui
948 893 1130 973 conjectura
1159 887 1217 953 ἵνα

130 985 220 1080 μηδὲ
241 976 293 1072 dv,
314 1016 405 1077 quarn
429 1000 622 1074 Holsteuins‚
643 999 801 1074 Marxius,
823 999 942 1060 Gailins
963 1005 996 1060 et
1017 1000 1218 1062 Buttmannus

131 1110 327 1184 receperunt
348 1124 503 1186 quamque
524 1107 653 1188 eandem
675 1106 775 1172 codex
796 1107 1013 1182 Monacensis,
1034 1106 1089 1168 sed
1112 1115 1146 1169 ut
1165 1126 1218 1168 su·

132 1213 242 1293 spicor
264 1217 525 1292 escorrectioue,
545 1215 682 1290 exhibet,
704 1215 949 1276 commutandam
971 1232 1041 1276 esse
1062 1216 1218 1276 existima·

131 1319 243 1380 verim.
285 1308 331 1381 ad
360 1305 562 1398 σύνολον,
581 1323 670 1404 cnjus
691 1322 761 1384 loco
782 1321 963 1384 llolstenius
985 1320 1046 1384 τοῦ
1069 1307 1218 1383 συνόλου

132 1427 305 1510 genitivum
326 1448 346 1516 a
365 1421 472 1514 μηδέν
501 1429 730 1512 dependentem
752 1429 897 1506 excudit,
927 1428 1151 1490 adverbialiter
1171 1429 1219 1490 in-

130 1534 371 1614 terpretandum
402 1544 434 1598 et
460 1557 478 1600 a
509 1537 693 1602 Buttmanuo
722 1539 793 1600 loco
814 1537 1005 1601 Aristoteleo
1033 1537 1121 1600 rost.
1142 1553 1169 1597 o.
1190 1534 1225 1597 1.-
1321 1605 1336 1620 Ἴ,

130 1641 246 1706 πεῖσαι
268 1632 496 1724 τυγχάνουσιν
523 1629 625 1708 οὖσαι
646 1639 804 1733 μιμήσεις
826 1635 867 1708 τὸ
890 1635 1034 1709 οιῖνολον
1053 1645 1218 1708 conflrma-

131 1757 200 1816 tum
218 1759 275 1815 est
317 1752 409 1832 Quod
430 1754 461 1815 in
476 1752 588 1814 codice
602 1753 783 1815 Monacensi
797 1753 959 1833 reperitur
980 1743 1219 1814 διαλανθά·

66 1838 71 1850 “
132 1877 194 1924 νει
223 1859 332 1922 calami
362 1859 463 1941 lapsui
492 1879 552 1941 pro
580 1853 796 1946 διαλανθάνῃ
818 1857 969 1938 debetur,
997 1877 1170 1940 quanquam
1191 1859 1227 1934 si

130 1969 233 2029 ceteri
256 1949 384 2030 codices
404 1969 647 2040 assentirentur,
675 1967 747 2030 fleri
769 1974 878 2047 posset
898 1975 933 2028 ut
949 1949 1010 2030 ἵνα
1032 1967 1063 2028 iu
1085 1964 1219 2028 eundem

132 2093 204 2136 aum
228 2055 271 2135 οὗ
300 2091 325 2136 s.
347 2063 435 2135 doda
463 2092 594 2150 sensnm¹
619 2073 846 2154 explicaremus
876 2085 928 2138 aut
951 2073 1151 2135 indicativum
1181 2089 1220 2134 ex

130 2183 346 2264 posteriorum
371 2182 560 2262 scriptorum
587 2182 710 2243 ratione
737 2188 955 2263 repeteremus
981 2179 1022 2244 cl.
1043 2180 1134 2243 l'hot.
1156 2177 1218 2241 lex·

131 2309 168 2372 p.
188 2287 238 2350 to.
258 2305 287 2348 r.
311 2279 495 2372 θεωρικόν.
527 2277 568 2351 τά
589 2279 744 2352 παλαιὸν
767 2323 804 2338 -
828 2279 1003 2352 διεδέδοτο
1026 2295 1099 2362 τοῖς
1121 2279 1219 2350 πολί-

132 2386 278 2488 ταιςὶτὸ
307 2385 496 2478 θεωρικόν,
524 2388 611 2482 ὅπερ
641 2381 729 2483 ἦσαν
758 2389 822 2458 δύο
851 2393 990 2472 ὀβολοί,
1022 2393 1089 2460 ἵνα
1112 2393 1216 2486 τοῦτο
1315 2471 1316 2474 ¹

132 2491 372 2586 λαμβάνοντες
400 2499 436 2565 οἱ
455 2497 600 2566 πολῖται
622 2500 821 2568 διδόασιν
845 2495 932 2567 αὑτά
961 2509 1001 2590 τῇ
1022 2496 1122 2567 πόλει
1142 2517 1217 2591 μισ-

129 2601 200 2679 dds
223 2612 282 2698 τῆς
303 2601 409 2686 θέας,
439 2613 492 2692 qui
522 2611 647 2692 quIdem
678 2631 751 2676 usus
772 2613 831 2674 non
854 2612 1052 2675 collocandae
1075 2617 1124 2672 est
1145 2630 1215 2675 eum

132 2719 352 2800 hujuscemodi
383 2720 462 2780 locis
488 2719 565 2782 Plat.
596 2719 731 2801 Protag..
744 2738 781 2800 p:
795 2719 866 2780 335.
887 2739 916 2782 ο.
931 2707 1035 2781 ἀ’λλά-
1053 2705 1090 2781 οὶ·
1111 2719 1217 2802 ἐχρῆν

131 2824 214 2915 ἡμῖν
245 2831 439 2910 συγχωρεῖν
461 2815 504 2887 τά
528 2819 715 2914 ἀμφότερα
738 2815 950 2910 δυνάμενον,
974 2823 1030 2890 ἴνα
1054 2825 1217 2892 συνουσία

131 2929 291 3016 ἐγίγνετο.
339 2934 481 3014 Sympos.
512 2933 583 2995 181.
604 2953 632 2994 e.
660 2935 746 3020 χρῆν
779 2923 816 2996 δὲ
846 2928 953 3022 νόμον
984 2931 1070 2996 εἶναι
1097 2969 1135 2982 -
1159 2932 1219 2998 ἵνα

129 3032 177 3130 με)
200 3035 247 3112 εἰς
269 3033 400 3124 ἄδηλον
422 3032 534 3122 nollo)
559 3030 695 3127 σπουδὴ
718 3035 932 3128 ἀνηλίσκετο.

214 3167 258 3210 vs.
279 3149 329 3212 19.
352 3139 694 3231 ἀναλαμβάνειν,
724 3150 807 3229 quod
829 3149 1018 3234 recipiendi,
1041 3149 1220 3233 suscipiendi

130 3276 254 3320 sensum
277 3257 462 3338 plerumque
484 3257 578 3344 hahet
600 3277 700 3338 eaque
721 3260 842 3320 ratione
865 3258 905 3319 de
926 3276 1068 3320 sermone
1091 3277 1217 3338 quoque

133 3365 189 3444 qui
209 3365 404 3445 interruptus
435 3365 539 3426 iuerat
559 3365 769 3427 continuando
790 3367 821 3426 in
843 3383 899 3427 assu
920 3372 969 3428 est
997 3365 1038 3425 cf.
1059 3364 1216 3427 Plutarch.
1286 3349 1291 3353 ¹

130 3472 362 3549 Aternum,
392 3472 452 3533 hoo
474 3471 544 3534 loeo
565 3473 793 3554 significatione
824 3475 923 3534 utitur
952 3473 1127 3548 ediscendi,
1155 3492 1217 3553 qua

54 3641 56 3644 ,
133 3581 227 3642 etiam
256 3580 332 3642 alihl
359 3580 443 3662 apud
470 3583 666 3662 posteriores
696 3581 821 3660 quidem
843 3559 1016 3663 scriptores
1037 3581 1153 3662 legitur
1173 3580 1215 3643 ci.

131 3688 213 3752 Plut.
234 3691 327 3770 Ager.
349 3708 377 3750 ο.
397 3688 447 3752 20.
483 3679 600 3772 ἔμελλε
621 3678 659 3750 δὲ
688 3683 795 3770 λέγειν
817 3678 1008 3770 ἀναλαβών
1037 3687 1056 3750 ὁ
1078 3677 1215 3752 Λύσαν-

131 3792 215 3877 δρος
245 3796 395 3877 locusque
415 3816 433 3858 a
456 3795 579 3877 corayo
608 3797 652 3858 ihi
680 3796 828 3878 allegatos
851 3797 908 3858 llio
931 3796 1090 3877 chrysost.
1118 3793 1216 3873 XVll,

132 3922 166 3986 p.
186 3901 249 3964 488
277 3903 326 3964 ed.
348 3903 454 3964 Reislr.
482 3906 542 3966 καὶ
564 3892 825 3974 ἀναλαμβάνειν
846 3893 983 3988 μεύτοι,
1014 3893 1048 3964 εἴ
1067 3919 1125 3964 ,σοι
1155 3891 1216 3988 ρ’ά-

131 4009 209 4074 διου
230 4009 440 4094 μεμυῆσθαι,
459 4000 502 4072 τά
516 4009 654 4074 ἐκείνων
669 4003 822 4096 ἄμεινον.
859 4013 972 4075 Athen.
987 4000 1216 4096 Καλλιφάνης

127 4099 305 4200 -άρχάς
330 4108 539 4204 ποιημάτων
561 4113 703 4182 πολλῶν
730 4116 789 4182 καὶ
809 4116 924 4201 λόγων
955 4107 1217 4202 ἑγχραψάμευος

129 4215 307 4314 ἀνειλήφει
327 4218 425 4309 μέχρι
440 4225 544 4309 τριοῒυ
559 4226 620 4292 καὶ
640 4221 821 4310 τεσσάρων
839 4223 973 4307 στίχων.
1018 4215 1119 4290 Aliter
1134 4224 1217 4290 ood-
