2728 4720
475 291 572 304 ---
616 257 698 334 ¹our
749 293 845 306 ---

114 456 195 520 loeis
209 457 349 537 exponit,
371 473 503 535 quoram
525 453 606 522 alter
619 453 877 534 corruptissimus
896 457 955 530 eat,
975 451 1076 515 altero
1096 450 1210 514 Boeoti

115 565 156 628 ad
178 585 265 626 mare
280 582 380 643 usqne
392 563 568 626 Euboicum
590 563 714 644 porrigi
730 561 923 637 referuntur,
942 561 1065 623 Oelium
1086 579 1209 624 sacrum

114 674 207 756 cujus
235 675 268 735 in
298 673 478 753 anagraphe
506 671 591 734 nulla
621 672 739 732 mentio
767 671 852 731 facta
879 675 928 732 est
955 675 1146 732 memoratur
1178 674 1211 732 at

60 775 63 782 “
103 785 296 860 praeterea,
319 788 355 840 at
372 782 467 840 etiam
485 780 519 866 in
535 779 724 860 anagraphe,
745 778 843 852 Aulia,
864 777 1013 858 Euripus,
1033 776 1212 854 Anthedon,
1314 844 1315 848 ,

115 887 269 964 Thebae,
279 887 438 967 Thespiae
466 893 499 948 ct
519 887 736 947 Orchomenus
762 891 993 946 enumerantur.
1036 883 1211 965 Singulari-

113 1001 167 1056 ter
189 993 304 1073 Scylax
332 995 483 1056 Boeotiae
511 994 871 1074 praeternavigationem
898 983 998 1080 μέχρι
1025 997 1097 1054 τῶν
1123 991 1211 1054 Aev-
1290 1061 1294 1068 ⁸

115 1109 189 1166 κῶν
219 1097 327 1185 ὁρίων
355 1101 488 1186 (nescio
509 1109 614 1164 utrum
641 1090 740 1190 μέχρι
769 1101 841 1164 τῶν
862 1099 1016 1182 Λοκρῶν
1042 1095 1149 1182 ὁρίων
1171 1119 1211 1162 an

114 1215 190 1272 τῶν
210 1202 357 1290 Acraei»
381 1207 477 1294 ὁρῶν
498 1209 737 1272 rescribendum
751 1205 814 1296 sit)
838 1207 1043 1270 ducentorum
1059 1208 1213 1286 quinqua-

116 1318 206 1398 ginta
233 1317 405 1380 stadiorum
441 1336 510 1380 esse
540 1317 699 1379 indicavit.
758 1315 822 1378 Sed
857 1315 942 1395 quod
978 1314 1018 1376 ad
1049 1315 1213 1376 Boeotiam

116 1429 240 1506 spectat
261 1445 280 1485 a
299 1431 408 1486 nostro
423 1429 553 1486 auctore
574 1443 636 1486 non
650 1425 750 1486 solum
772 1443 819 1501 ea,
840 1444 921 1504 qaae
943 1423 1027 1505 apud
1048 1423 1212 1504 Scylacem

118 1549 247 1610 quoque
260 1529 363 1590 locum
380 1531 507 1608 hahent,
520 1531 619 1592 multo
634 1533 813 1593 accuratius
828 1537 1025 1606 enarrantur,
1045 1531 1103 1602 sed
1119 1532 1214 1592 etlam

117 1637 265 1697 nonnulla
286 1637 499 1718 adjiciuntur,
531 1657 664 1717 quorum
693 1639 777 1718 apud
798 1637 963 1718 Scylacem
984 1638 1101 1698 nullum
1124 1637 1215 1698 adeat

117 1745 296 1824 vestigium.
344 1745 413 1822 Quo
434 1746 577 1825 pertinet
599 1745 683 1824 quod
704 1747 835 1808 Boeotia
856 1766 874 1806 a
895 1745 1038 1806 Phocide
1059 1745 1214 1806 orientem

118 1869 229 1912 versus
250 1853 311 1912 sita
332 1869 402 1914 esse
422 1849 579 1928 traditur,
600 1851 663 1912 duo
683 1859 807 1914 montes
827 1849 967 1912 Helicon
988 1857 1021 1912 et
1042 1850 1215 1941 Cithaeron

117 1965 353 2046 memorantur,
384 1959 511 2040 Oropus
542 1964 575 2020 et
604 1959 788 2040 Amphiarai
822 1977 963 2035 sacram,
993 1959 1216 2038 Emperesium

120 2061 321 2152 (quanquam
343 2064 377 2126 id
398 2065 525 2128 aliunde
547 2084 610 2128 non
630 2061 739 2148 novi),
753 2065 906 2146 Tanagra,
928 2065 1215 2146 capitaneorum

10 2237 11 2240 ,
119 2193 193 2236 cum
213 2172 392 2253 Trophonii
412 2192 521 2250 sacro,
551 2174 683 2250 Ocalea,
704 2173 862 2252 Medeon,
891 2180 925 2236 et
952 2175 1099 2236 Plataeae
1120 2173 1217 2238 urbes

119 2300 245 2346 necnon
265 2279 354 2340 fluvii
373 2279 512 2340 Ismenus
533 2285 566 2340 et
579 2281 705 2360 Asopus
725 2281 920 2342 referuntur.
961 2281 1139 2362 Longitudo
1162 2283 1218 2347 de·

111 2389 391 2470 ·nique.lloeotiae
412 2407 431 2450 a
451 2395 560 2450 nostro
583 2396 714 2449 auctore
734 2387 907 2450 stadiorum
927 2387 976 2463 l),
993 2387 1126 2470 ejusque
1144 2387 1218 2452 lati·

121 2498 200 2560 tndo
231 2496 404 2586 stadiorum
432 2495 569 2557 OOLXX
599 2515 669 2556 ease
689 2495 827 2556 indicata
857 2501 915 2556 est.
966 2494 1001 2556 ln
1024 2495 1139 2557 Oratae
1161 2495 1218 2560 de·

122 2607 298 2686 scriptione
319 2605 515 2684 anagraphes
537 2604 661 2664 auctori
682 2621 752 2664 cum
776 2603 909 2683 Scylace
938 2605 1100 2681 convenit,
1132 2603 1219 2682 quod

123 2720 260 2792 uterque
292 2731 360 2772 eam
381 2710 511 2772 insulam
533 2709 721 2770 exadversus
743 2689 901 2788 Cytherea
930 2711 1021 2770 sitam
1042 2729 1113 2772 ease
1134 2731 1218 2782 eam·
1305 2693 1312 2707 ⁸

125 2839 189 2900 que
209 2818 301 2880 valde
330 2825 491 2898 angustam
522 2821 555 2878 et
584 2816 646 2878 duo
667 2817 765 2878 millia
792 2816 965 2879 stadiorum
993 2823 1026 2880 et
1048 2819 1219 2900 quingenta

123 2929 249 3008 longam
270 2945 341 2988 erse
361 2924 502 2986 tradidit.
544 2923 591 2986 Oe
611 2925 810 2988 Oretensium
832 2943 958 3004 quoque
980 2926 1104 3006 origine
1125 2928 1219 3007 plane

80 3013 85 3020 ι
124 3035 342 3111 consentiunt,
365 3035 426 3094 nisi
448 3031 533 3112 quod
554 3031 666 3112 Scylax
687 3038 817 3112 praeter
838 3033 988 3112 Argivos,
1008 3033 1219 3098 Lacedaemo-

123 3146 196 3208 nios
226 3143 487 3230 et'Atheaiensea
517 3141 645 3202 colonos
673 3139 799 3202 disertis
828 3140 934 3213 verbis
962 3142 1056 3204 etiam
1082 3149 1220 3206 ceteram

126 3252 295 3341 Graeciam
315 3249 418 3320 refert
438 3237 567 3310 colonos
588 3249 703 3318 Oretae
725 3241 955 3329 suppeditasse.
1002 3249 1119 3312 Multas
1140 3252 1220 3314 Ora-

125 3365 180 3446 tae
201 3359 297 3419 nrbes
318 3375 388 3418 ease
409 3362 545 3436 uterque
558 3357 725 3432 iudicavit,
746 3356 830 3419 inter
851 3377 927 3438 quas
948 3359 990 3420 ala
1000 3359 1114 3422 iisdem
1128 3343 1234 3422 simul·

126 3463 318 3530 Phalasarna
339 3463 659 3526 occidentamversur
679 3466 739 3526 sita
753 3484 824 3526 cum
845 3448 941 3546 portu
962 3469 1081 3529 munito
1102 3486 1221 3530 memo-

127 3580 227 3635 ratur.
279 3572 314 3634 ln
335 3591 373 3633 eo
395 3551 499 3634 tamen
522 3571 705 3648 discedunt,
736 3573 821 3662 apuod
841 3581 949 3642 noster
970 3579 1082 3636 auctor
1102 3575 1221 3638 Iliacae

116 3677 303 3764 Dictynnae
325 3701 448 3746 sacrum
470 3703 548 3746 curn-
561 3684 747 3746 Phalasarna
768 3685 847 3746 urbe
868 3685 1012 3762 collocat,
1034 3701 1129 3764 quum
1143 3683 1222 3762 Scy·

128 3793 181 3856 lar
207 3792 241 3853 id
266 3809 390 3853 sacram
420 3791 471 3850 vel
499 3773 608 3850 saltem
636 3791 861 3870 Dictynnaenm
892 3793 1008 3855 Dianae
1037 3811 1159 3856 sacram
1187 3791 1221 3852 in
1250 3852 1253 3858 .

94 3902 96 3904 ’
115 3891 192 3962 'alia
212 3899 331 3960 insulae
353 3901 445 3977 parta
460 3877 613 3976 posuerit.
655 3896 782 3982 Multae,
797 3895 913 3958 deinde
928 3897 1023 3958 urbes
1044 3897 1127 3978 apud
1143 3897 1221 3980 Scy·
1237 3895 1240 3900 ’

129 4007 233 4068 lacem
255 4008 453 4066 enuraeratae
481 4007 570 4079 aunt,
599 4021 729 4083 quaram
758 4003 843 4084 apud
863 4009 1003 4068 nostrum
1030 4006 1222 4085 scriptorem

100 4103 102 4108 ’
130 4131 173 4176 ue
193 4113 358 4192 vestigium
380 4100 508 4189 quidem
527 4108 698 4170 indicatum
719 4115 777 4186 est,
797 4111 897 4172 itaut
917 4117 1046 4192 praeter
1058 4111 1222 4176 Phalasar-

131 4239 205 4286 arm
226 4223 258 4282 at
279 4223 469 4303 Apteraeam
498 4219 552 4296 (ut
579 4217 612 4282 ia
632 4215 812 4302 anagraphe
837 4209 968 4302 'quoque
987 4215 1154 4304 legandum
1175 4221 1220 4284 ri-
