2728 4726
491 229 840 372 -ss-ss-

188 487 236 559 rt)
264 487 325 548 Cic.
342 487 379 541 ed
395 487 450 542 Att.
468 489 510 552 Π,
532 494 572 544 12.
609 486 826 555 „Dicaearchum
851 492 925 542 reete
950 495 1035 543 amaa:
1061 487 1214 547 luculentus

90 655 92 659 Ι
118 579 201 636 lromo
227 589 270 637 eet
294 589 322 636 et
339 581 405 638 civis
427 581 501 636 haud
518 583 601 654 paulo
625 584 734 648 melior,
761 597 841 654 quens
858 581 903 634 isti
921 582 1005 636 uestri
1023 579 1213 660 iluehpporfl

118 676 172 742 Vl,
190 678 209 730 2
226 675 368 742 „hominis
385 692 441 730 non
460 685 592 747 nequam,
611 675 657 728 sed
675 675 754 730 etiam
771 684 820 730 tuo
838 674 941 744 judicio
958 676 1066 748 probati
1085 677 1216 732 Dicaear-

122 770 195 825 chi.“
232 769 997 841 Tucc.diaput..l‚31„deliciae‘rueaeDicaearchue“
1023 775 1065 829 18.
1092 773 1215 838 „Dicae-

123 864 228 918 archum
248 881 310 918 cunr
328 864 503 930 Aristoxeno,
522 864 616 918 doctos
633 880 698 916 eane
715 862 859 918 homines“
878 863 912 918 ‹le
930 866 977 920 oli.
986 865 1028 930 11,
1048 867 1074 923 5.
1098 863 1218 931 „Dicae-
1244 883 1248 892 ·

123 958 209 1024 archi,
237 957 410 1029 peripatetici
435 956 525 1026 magni
548 965 576 1010 et
598 957 725 1029 copiosi“
750 957 785 1010 de
803 957 870 1012 flou.
889 957 954 1011 bon.
971 967 1000 1013 et
1015 961 1077 1016 mal.
1096 961 1151 1030 Π,
1170 961 1215 1016 28.
1277 963 1281 972 “

123 1051 232 1122 „Quem
260 1052 367 1105 illorum
393 1049 529 1104 tristitiam
558 1057 639 1122 atque
665 1051 836 1122 asperitatem
864 1049 969 1118 lugiens
995 1051 1137 1106 Panaetius
1164 1069 1216 1108 nec

122 1147 298 1202 acerbitatem
321 1147 514 1200 sententiarum
537 1161 590 1222 nec
615 1145 763 1200 disserendi
789 1147 879 1218 spinas
896 1146 1039 1218 probarit,
1065 1145 1168 1218 fuitque
1186 1147 1216 1199 iu

123 1240 206 1295 altero
231 1257 328 1310 genere
352 1239 459 1306 mitior,
483 1239 512 1294 in
536 1239 620 1294 altero
643 1241 785 1312 illustrior3
810 1257 968 1314 semperque
992 1239 1089 1294 habuit
1115 1240 1144 1296 in
1169 1257 1217 1296 otc

123 1339 279 1402 Platonem,
298 1336 483 1402 Aristotelem,
502 1337 694 1403 Xenocratem,
713 1335 943 1408 Theophrastum,
962 1335 1172 1403 Dicaearchum,
1186 1347 1218 1393 ot

124 1433 205 1504 ipsine
223 1431 323 1504 scripta
341 1429 496 1484 declarent:
516 1447 583 1502 quos
601 1427 711 1502 quidem
736 1428 788 1482 tibi
805 1427 922 1484 studiose
940 1437 968 1484 et
984 1425 1128 1498 diligenter
1144 1425 1235 1486 trac-⁴

124 1508 228 1600 hudo(
235 1541 395 1598 magnopere
413 1529 542 1579 oenseo.“
578 1524 701 1578 Ceterum
719 1523 801 1578 etiam
819 1523 914 1578 Suidaa
930 1524 1121 1598 philosophum
1140 1543 1221 1599 pree·

126 1621 198 1678 dicat
215 1637 304 1693 neque
321 1637 378 1673 uon
395 1618 490 1673 Strabo
510 1617 591 1670 telem
608 1617 742 1673 existimet
760 1617 794 1676 ei.
813 1619 842 1684 1,
860 1636 888 1692 p.
909 1624 932 1675 l·
952 1619 993 1678 tt.
1013 1621 1056 1682 ll,
1075 1640 1102 1692 p.
1120 1625 1181 1678 277,

194 1717 243 1782 15)
262 1713 536 1770 Cicero‘Dicaearchi
553 1713 658 1785 scriptis
676 1731 737 1767 traua
755 1713 836 1766 luisse
853 1715 909 1782 jam
931 1711 993 1768 ideo
1010 1714 1100 1782 colligi
1117 1722 1216 1786 puteat,
1252 1759 1254 1764 .

124 1809 198 1884 qood
224 1808 353 1878 singulari
377 1826 468 1863 eorum
492 1808 581 1863 studio
606 1823 715 1886 operere
741 1806 816 1860 desiit
840 1821 986 1878 eorumque
1009 1810 1157 1880 compluria
1183 1829 1218 1866 eo
1256 1817 1261 1824 ’

125 1906 291 1978 potissimum
316 1911 437 1974 tempora
463 1902 644 1974 conquisivit,
677 1917 731 1972 quo
757 1901 786 1954 in
800 1898 1006 1971 ‘componendis
1035 1901 1132 1956 libellis
1158 1904 1221 1975 ipae

129 1999 318 2072 occupabatur.
359 1985 454 2070 lleqrre
477 1997 561 2052 aolum
581 1996 695 2061 Cicero,
723 2003 855 2068 utsupra
877 1993 1007 2062 vidimus,
1031 1995 1060 2050 ln
1086 1998 1217 2056 relatione

127 2093 318 2156 nonnullarum
334 2108 440 2157 rerum,
464 2089 561 2162 quibus
580 2088 758 2162 geographica
780 2087 910 2162 quaedam
928 2088 1059 2162 expositio
1077 2097 1106 2144 et
1123 2107 1217 2150 narra-

125 2188 166 2251 tio
185 2186 219 2240 de
235 2185 402 2264 Pythagorae
419 2193 504 2240 morte
521 2184 584 2238 'addi
601 2193 706 2256 potest,
725 2185 923 2238 Dicaearchum
934 2194 1057 2252 secutus,
1076 2187 1216 2246 sedetiam

126 2279 239 2334 lorrrranr
257 2280 313 2347 ejus
330 2279 447 2334 imitatur
464 2285 505 2332 est
522 2274 559 2333 cs.
577 2275 612 2328 ad
628 2281 684 2332 nrt.
701 2275 783 2345 Xlll,
801 2281 838 2336 30
854 2271 1072 2361 „valedicam
1089 2309 1124 2328 ε-
1140 2287 1217 2349 mols·

126 2375 200 2441 ruis
215 2373 360 2460 celime,
375 2388 449 2432 ruore
465 2371 656 2434 Dicaearchi.‘⁶
