2734 4718
460 285 833 365 ...φρ-

100 503 194 564 quam
223 499 303 563 quaa
323 481 443 552 marat*
456 482 542 546 reeia
562 469 766 569 λαρειόόιον
791 481 826 544 ta
846 473 1026 544 Thebarum
1047 479 1191 564 dererip·

99 593 188 652 tiaue
208 594 388 670 usurpatae.
429 586 608 668 ilesyahius
622 586 701 650 haee
714 585 812 650 haist
831 586 873 649 de
895 577 1027 674 όθόνι]
1043 593 1075 649 et
1089 581 1190 651 ὀθό-

100 715 196 760 νιον
224 694 385 758 veeatmiir
405 698 428 756 t.
446 694 496 771 11,
527 713 559 774 p.
587 691 660 756 m.
713 683 874 768 ὀθόνας
903 683 948 756 τὰ
976 685 1192 778 περιβόλαια

100 794 240 866 πάντα·
268 791 370 883 παρὰ
389 790 431 864 τό
453 788 611 864 ἐσαοθαι.
640 789 728 874 τινές
751 790 794 864 θλ
820 794 935 878 ζώνας
956 792 1191 865 dromedae·

103 924 167 972 σιν.
209 898 361 994 ὀθόνη,
384 900 524 970 οινδνέν.
557 897 661 992 Cedat).
684 898 862 996 ,τελαμών
891 911 1085 990 γυναικεῖον
1107 895 1192 972 ὀθό-

100 1037 178 1080 νιον
197 1007 338 1090 λεπτόν,
359 1017 417 1076 καί
438 1011 513 1076 πᾶν
531 1002 576 1074 ’τό
597 1008 725 1097 ἰσχνόν,
746 1002 814 1078 κᾶν
832 1001 879 1102 μή
900 1008 1019 1078 λινοῦν
1039 996 1069 1102 ᾖ.
1090 1006 1191 1076 ὀθό-

102 1140 212 1212 νρσι,
233 1119 371 1196 λεπτοῖς
391 1119 538 1196 ἱματίοις
558 1127 591 1184 et
613 1115 633 1182 ὀ
641 1115 785 1196 θόνια,
803 1115 884 1184 λινᾶ
905 1112 1036 1210 ἱμάτια.

188 1262 536 1371 ὀφθαλμώντων,
566 1286 651 1368 quad
680 1288 714 1348 iu
736 1285 832 1349 (iaiiii
864 1292 897 1349 et
915 1286 1031 1349 Marxii
1052 1285 1193 1350 editione

100 1395 212 1458 neseio
240 1415 279 1457 aa
306 1393 539 1476 typographico
568 1395 646 1458 vitle
674 1395 833 1476 prelatum
861 1401 926 1474 est,
959 1390 1065 1476 qaum'
1083 1399 1193 1459 eontra

102 1503 189 1585 apud
218 1503 375 1567 Maesium
406 1505 584 1566 inveniatur
611 1496 901 1588 ὀφθαλμόνιων,
933 1503 1070 1566 dubitari
1099 1503 1193 1585 plane

86 1631 165 1675 ¹nen
186 1615 307 1693 potest,
328 1613 419 1692 quin,
440 1613 524 1676 sieut
545 1613 640 1674 etiam
660 1611 863 1675 Buttmaanus
883 1612 979 1689 feeit,
1000 1614 1034 1676 m
1057 1605 1194 1694 ὀφθαλ-

100 1715 265 1808 μιιόνιωυ
293 1720 516 1784 immutandum
538 1721 596 1782 site
624 1739 687 1783 nan
715 1722 798 1783 enim
819 1719 1012 1783 crediderim
1033 1720 1193 1802 duplicem
1293 1747 1296 1754 ·

100 1827 236 1890 formam
257 1818 461 1916 ὀφθαλμυίω
484 1834 517 1890 et
538 1816 778 1911 ὀφθαλμιόιυ,
798 1833 834 1892 ut
852 1829 1003 1892 habemus
1024 1820 1192 1910 γειτονάω

103 1941 139 1997 et
167 1924 349 2018 γειτονιοῖιυ
379 1933 421 1996 ei.
449 1934 547 1996 Beki.
575 1935 696 1998 Aneed.
724 1935 758 2010 1,
778 1934 859 2014 221,
887 1921 1011 1999 exstare
1040 1937 1191 2016 petuisse.

103 2043 152 2103 De
173 2043 316 2105 vocabuli
337 2049 440 2105 autem
462 2044 691 2124 significatione
719 2044 760 2106 ei.
781 2044 860 2108 Plat.
882 2046 983 2110 Ateii.
1003 2043 1049 2123 11,
1068 2064 1100 2126 ρ.
1122 2043 1194 2121 14⁰,

89 2121 166 2233 Ιαἶρ’
193 2131 254 2212 οὖν
276 2148 375 2213 δοκεῖ
393 2166 450 2212 σοι
471 2147 663 2234 ἀναγκαῖον
685 2141 772 2215 εἶναι
800 2145 862 2216 τόν
884 2150 1060 2215 νοσοῦντα
1080 2148 1194 2214 ποδα-

106 2261 192 2339 ρρᾷν
221 2243 242 2342 ἢ
271 2244 449 2340 πυρέττειν
479 2245 498 2342 ἢ
529 2253 738 2342 ὀφθαλμιᾷν
766 2293 803 2306 -·
836 2253 1018 2344 ὀφθαλμία
1047 2241 1109 2320 oia
1140 2267 1200 2324 σοι

105 2361 207 2426 δοκεῖ
231 2361 333 2426 πᾶσα
360 2353 464 2436 νόσος
486 2353 588 2440 εἷναις
614 2364 774 2446 Porphyr.
796 2381 832 2428 π.
854 2361 917 2429 aa.
940 2386 967 2428 τ.
989 2359 1071 2450 ἐμβα
1093 2363 1123 2442 1,
1142 2358 1196 2426 28.

105 2459 374 2560 εὐλαβούμενοι,
402 2461 449 2558 με)
472 2461 582 2556 ὥςπερ
605 2468 811 2560 ὀφθαλμίας
831 2469 933 2548 υἱεῖς
954 2464 1033 2546 τοές
1055 2466 1195 2554 ὀφθαλ-

104 2579 262 2666 μιῶντας
284 2573 524 2664 ἐμβλέποντες.
566 2581 669 2644 Etiam
683 2583 809 2662 tropice
829 2579 1034 2644 haeresium
1048 2581 1196 2662 usurpari
1305 2573 1307 2576 ’
1348 2621 1351 2628 -

106 2687 224 2750 deiude
244 2689 365 2750 solebat
390 2687 627 2751 ef.1²h0t.lex.
647 2709 681 2770 ρ.
701 2687 773 2750 266.
795 2681 1030 2776 όφθαλμίοαι,
1061 2684 1194 2772 ’φθονῆ-
1249 2722 1257 2730 -

106 2810 178 2880 σαι,
198 2790 377 2869 ἐπιβαλεῖν
400 2789 654 2882 ἐπιθυμητικῶς
675 2785 791 2883 ἤτοῦς
813 2785 1026 2880 ὀφθαλμοός
1038 2787 1195 2876 πάσχειν.

106 2903 201 2966 Μ.
229 2903 260 2980 Ι,
286 2901 357 2964 286.
387 2898 618 2987 ὀφθαλμιῷεν
644 2905 677 2964 τί
703 2900 816 2974 ἐστινς
844 2899 922 2965 ἀντὶ
952 2902 1017 2966 τοῦ
1043 2899 1197 2984 ὁρῶντες

108 3003 245 3098 ζηλοῖεν
272 3011 332 3074 καί
359 3008 561 3095 ἐπιθυμοῖεν
590 3010 736 3099 (θριωυ)
766 3006 894 3074 αὐτῶν.
941 3009 1081 3090 Heryeh.
1106 3015 1131 3072 t.
1157 3008 1197 3086 Π,

107 3139 138 3200 ρ.
160 3115 233 3180 825.
256 3111 513 3205 ὀφθαλμιόοαι.
535 3118 732 3206 φθονῆσαι,
754 3113 931 3192 ἐπιβαλεῖν
954 3107 1155 3202 ὀφθαλμόν.

122 3291 125 3296 ’
190 3267 517 3362 παραιτουμένη
548 3274 668 3338 eadieis
688 3275 784 3338 ieetie
806 3293 868 3356 qua
889 3273 1091 3356 grammatino
1110 3269 1197 3334 refe·

105 3389 195 3444 ratur
217 3383 310 3462 plane
331 3401 392 3444 nea
412 3383 524 3457 habet;
545 3381 746 3446 nihilominus
766 3402 785 3443 a
805 3381 939 3472 Manio,
960 3381 1100 3456 Mansio,
1122 3379 1197 3442 (iai-

104 3489 150 3552 iie
170 3494 205 3552 et
225 3490 410 3552 Buttmamm
432 3492 574 3553 intextis
594 3491 751 3572 integrum
766 3489 911 3551 relietum
932 3494 991 3550 est.
1031 3486 1198 3550 Fabricius

107 3590 373 3686 παραιτεόμενα
401 3599 540 3680 eerrjeeit
572 3597 670 3677 idque
701 3615 771 3658 eum
799 3585 917 3680 φύλλα
945 3593 1198 3678 conjungendum

107 3722 178 3766 esse
199 3707 332 3766 censuit.
373 3703 456 3767 Mihi
476 3707 574 3786 magis
596 3705 717 3766 arridet
736 3703 912 3784 simplicior
933 3702 1110 3765 emendatio
1130 3717 1197 3766 πα-

106 3801 337 3898 ραιτουμένην
357 3811 454 3892 idque
476 3815 599 3892 passive
621 3809 903 3894 interpretandum,
924 3816 957 3872 et
979 3809 1018 3872 ad
1040 3800 1103 3894 τήν
1124 3803 1196 3874 ἐπι-

106 3910 227 4002 φοράν
247 3918 460 3981 referendum.
511 3921 695 4002 Disputatur
716 3919 757 3982 de
777 3920 879 3982 fluxus
899 3919 1079 3981 secessione
1099 3921 1136 3978 ut
1156 3914 1198 3977 de

106 4045 256 4107 persana,
277 4033 310 4088 et
330 4027 391 4088 hoe
413 4035 448 4088 et
468 4027 650 4108 mitigetur,
671 4006 801 4089 ιόσοινεί
819 4025 1036 4106 praepositum
1056 4028 1106 4084 est
1125 4009 1226 4084 sen-⁶

104 4136 225 4197 tentiae
254 4135 419 4218 imaginem
448 4136 629 4197 continenti.
679 4135 725 4196 iie
745 4135 863 4196 moabia
891 4136 995 4196 autem
1016 4129 1127 4193 eodem
1147 4129 1198 4192 rel

104 4242 199 4305 simili
219 4242 314 4306 meda
334 4245 477 4324 saepius.
498 4245 643 4325 inprimis
665 4241 749 4324 apu'd
772 4245 904 4324 poetas,
924 4258 1026 4306 rerma
1046 4240 1084 4302 tit
1104 4238 1148 4314 ei.¹
1167 4255 1196 4300 v.
