<?xml version="1.0" encoding="UTF-8"?>
<!DOCTYPE html PUBLIC "-//W3C//DTD XHTML 1.0 Transitional//EN"
    "http://www.w3.org/TR/xhtml1/DTD/xhtml1-transitional.dtd">
<html xmlns="http://www.w3.org/1999/xhtml" xml:lang="en" lang="en">
 <head>
  <title>
</title>
<meta http-equiv="Content-Type" content="text/html;charset=utf-8" />
  <meta name='ocr-system' content='tesseract 3.04.00' />
  <meta name='ocr-capabilities' content='ocr_page ocr_carea ocr_par ocr_line ocrx_word'/>
</head>
<body>
  <div class='ocr_page' id='page_1' title='image "./dicaearchimesse00fuhrgoog_0420.png"; bbox 0 0 2734 4718; ppageno 0'>
   <div class='ocr_carea' id='block_1_1' title="bbox 459 217 832 349">
    <p class='ocr_par' dir='ltr' id='par_1_1' title="bbox 428 217 832 349">
     <span class='ocr_line' id='line_1_1' title="bbox 459 217 832 349; baseline 0.002 -0.923"><span class='ocrx_word' id='word_1_1' title='bbox 459 217 832 349; x_wconf 63' lang='lat' dir='ltr'>——soa--ss</span> 
     </span>
    </p>
   </div>
   <div class='ocr_carea' id='block_1_2' title="bbox 94 467 1273 4333">
    <p class='ocr_par' dir='ltr' id='par_1_2' title="bbox 94 467 1273 4333">
     <span class='ocr_line' id='line_1_2' title="bbox 97 467 1188 562; baseline 0.002 -30"><span class='ocrx_word' id='word_1_2' title='bbox 97 471 237 548; x_wconf 83' lang='lat' dir='ltr'>meotnm</span> <span class='ocrx_word' id='word_1_3' title='bbox 258 467 503 562; x_wconf 75' lang='lat' dir='ltr'>conglutinatum</span> <span class='ocrx_word' id='word_1_4' title='bbox 524 476 590 546; x_wconf 85' lang='lat' dir='ltr'>eat,</span> <span class='ocrx_word' id='word_1_5' title='bbox 620 469 694 532; x_wconf 88' lang='lat' dir='ltr'>clim</span> <span class='ocrx_word' id='word_1_6' title='bbox 724 469 963 548; x_wconf 76' lang='lat' dir='ltr'>continebatur3</span> <span class='ocrx_word' id='word_1_7' title='bbox 994 485 1100 550; x_wconf 87' lang='lat' dir='ltr'>neque</span> <span class='ocrx_word' id='word_1_8' title='bbox 1126 485 1188 534; x_wconf 86' lang='lat' dir='ltr'>uon</span> 
     </span>
     <span class='ocr_line' id='line_1_3' title="bbox 98 576 1190 661; baseline 0 -21"><span class='ocrx_word' id='word_1_9' title='bbox 98 579 240 640; x_wconf 80' lang='lat' dir='ltr'>Murrius</span> <span class='ocrx_word' id='word_1_10' title='bbox 269 584 302 638; x_wconf 88' lang='lat' dir='ltr'>et</span> <span class='ocrx_word' id='word_1_11' title='bbox 329 576 550 641; x_wconf 79' lang='lat' dir='ltr'>Groddeclalua</span> <span class='ocrx_word' id='word_1_12' title='bbox 578 577 816 656; x_wconf 85' lang='lat' dir='ltr'>dubitaverunt,</span> <span class='ocrx_word' id='word_1_13' title='bbox 849 585 954 640; x_wconf 89' lang='lat' dir='ltr'>utrum</span> <span class='ocrx_word' id='word_1_14' title='bbox 980 577 1190 661; x_wconf 73' lang='lat' dir='ltr'><strong>fragmentum</strong></span> 
     </span>
     <span class='ocr_line' id='line_1_4' title="bbox 97 687 1191 768; baseline 0 -20"><span class='ocrx_word' id='word_1_15' title='bbox 97 705 140 748; x_wconf 86' lang='lat' dir='ltr'>ex</span> <span class='ocrx_word' id='word_1_16' title='bbox 168 687 230 748; x_wconf 88' lang='lat' dir='ltr'>hcc</span> <span class='ocrx_word' id='word_1_17' title='bbox 258 687 378 766; x_wconf 90' lang='lat' dir='ltr'>scripto</span> <span class='ocrx_word' id='word_1_18' title='bbox 405 707 443 747; x_wconf 86' lang='lat' dir='ltr'>sn</span> <span class='ocrx_word' id='word_1_19' title='bbox 465 705 504 748; x_wconf 86' lang='lat' dir='ltr'>ex</span> <span class='ocrx_word' id='word_1_20' title='bbox 517 689 582 749; x_wconf 83' lang='lat' dir='ltr'>cita</span> <span class='ocrx_word' id='word_1_21' title='bbox 606 688 762 750; x_wconf 73' lang='lat' dir='ltr'>Graeciae</span> <span class='ocrx_word' id='word_1_22' title='bbox 787 688 960 768; x_wconf 86' lang='lat' dir='ltr'>repetitum</span> <span class='ocrx_word' id='word_1_23' title='bbox 992 705 1061 749; x_wconf 85' lang='lat' dir='ltr'>esse</span> <span class='ocrx_word' id='word_1_24' title='bbox 1082 687 1191 750; x_wconf 85' lang='lat' dir='ltr'>existi·</span> 
     </span>
     <span class='ocr_line' id='line_1_5' title="bbox 96 793 1190 876; baseline 0.004 -24"><span class='ocrx_word' id='word_1_25' title='bbox 96 800 238 868; x_wconf 81' lang='lat' dir='ltr'>merent,</span> <span class='ocrx_word' id='word_1_26' title='bbox 262 811 437 871; x_wconf 84' lang='lat' dir='ltr'>quanquam</span> <span class='ocrx_word' id='word_1_27' title='bbox 457 794 617 871; x_wconf 78' lang='lat' dir='ltr'>Murrius,</span> <span class='ocrx_word' id='word_1_28' title='bbox 637 796 719 856; x_wconf 90' lang='lat' dir='ltr'>sient</span> <span class='ocrx_word' id='word_1_29' title='bbox 739 795 833 856; x_wconf 90' lang='lat' dir='ltr'>etiam</span> <span class='ocrx_word' id='word_1_30' title='bbox 856 793 1020 855; x_wconf 75' lang='lat' dir='ltr'>celidonis</span> <span class='ocrx_word' id='word_1_31' title='bbox 1041 793 1190 876; x_wconf 74' lang='lat' dir='ltr'>errante,</span> 
     </span>
     <span class='ocr_line' id='line_1_6' title="bbox 96 898 1190 980; baseline 0.004 -23"><span class='ocrx_word' id='word_1_32' title='bbox 96 899 183 960; x_wconf 84' lang='lat' dir='ltr'>vitae</span> <span class='ocrx_word' id='word_1_33' title='bbox 211 899 365 960; x_wconf 74' lang='lat' dir='ltr'>Graeciae</span> <span class='ocrx_word' id='word_1_34' title='bbox 394 898 577 962; x_wconf 67' lang='lat' dir='ltr'>adscribere</span> <span class='ocrx_word' id='word_1_35' title='bbox 604 900 721 962; x_wconf 84' lang='lat' dir='ltr'>maluit.</span> <span class='ocrx_word' id='word_1_36' title='bbox 770 900 835 962; x_wconf 88' lang='lat' dir='ltr'>Sed</span> <span class='ocrx_word' id='word_1_37' title='bbox 865 901 939 962; x_wconf 84' lang='lat' dir='ltr'>illae</span> <span class='ocrx_word' id='word_1_38' title='bbox 968 901 1056 980; x_wconf 86' lang='lat' dir='ltr'>ipsae</span> <span class='ocrx_word' id='word_1_39' title='bbox 1084 919 1190 962; x_wconf 87' lang='grc' dir='ltr'><em>κατοι-</em></span> 
     </span>
     <span class='ocr_line' id='line_1_7' title="bbox 97 997 1190 1093; baseline 0.002 -27"><span class='ocrx_word' id='word_1_40' title='bbox 97 997 277 1092; x_wconf 77' lang='grc' dir='ltr'><em>μετρήσεις</em></span> <span class='ocrx_word' id='word_1_41' title='bbox 297 1005 368 1088; x_wconf 71' lang='grc' dir='ltr'>τοῖο</span> <span class='ocrx_word' id='word_1_42' title='bbox 390 998 659 1093; x_wconf 74' lang='grc' dir='ltr'><em>Πελοποννήσου</em></span> <span class='ocrx_word' id='word_1_43' title='bbox 683 1001 794 1086; x_wconf 72' lang='grc' dir='ltr'><em>ὀροῖν,</em></span> <span class='ocrx_word' id='word_1_44' title='bbox 815 1007 897 1069; x_wconf 90' lang='lat' dir='ltr'>sicut</span> <span class='ocrx_word' id='word_1_45' title='bbox 913 1009 980 1089; x_wconf 90' lang='lat' dir='ltr'>jam</span> <span class='ocrx_word' id='word_1_46' title='bbox 998 1025 1094 1087; x_wconf 86' lang='lat' dir='ltr'>snpra</span> <span class='ocrx_word' id='word_1_47' title='bbox 1115 1025 1190 1068; x_wconf 90' lang='lat' dir='ltr'>eon-</span> 
     </span>
     <span class='ocr_line' id='line_1_8' title="bbox 94 1114 1265 1198; baseline 0 -23"><span class='ocrx_word' id='word_1_48' title='bbox 94 1114 182 1197; x_wconf 84' lang='lat' dir='ltr'>jeci,</span> <span class='ocrx_word' id='word_1_49' title='bbox 209 1133 283 1194; x_wconf 87' lang='lat' dir='ltr'>pars</span> <span class='ocrx_word' id='word_1_50' title='bbox 309 1119 427 1176; x_wconf 83' lang='lat' dir='ltr'>tantum</span> <span class='ocrx_word' id='word_1_51' title='bbox 441 1115 547 1176; x_wconf 66' lang='lat' dir='ltr'>,fnisse</span> <span class='ocrx_word' id='word_1_52' title='bbox 567 1115 715 1177; x_wconf 83' lang='lat' dir='ltr'>sidentur</span> <span class='ocrx_word' id='word_1_53' title='bbox 734 1115 864 1198; x_wconf 86' lang='lat' dir='ltr'>majoris</span> <span class='ocrx_word' id='word_1_54' title='bbox 884 1116 993 1198; x_wconf 86' lang='lat' dir='ltr'>operis</span> <span class='ocrx_word' id='word_1_55' title='bbox 1015 1114 1056 1175; x_wconf 92' lang='lat' dir='ltr'>de</span> <span class='ocrx_word' id='word_1_56' title='bbox 1076 1115 1190 1176; x_wconf 86' lang='lat' dir='ltr'>montl-</span> <span class='ocrx_word' id='word_1_57' title='bbox 1260 1180 1265 1185; x_wconf 61' lang='grc'>,</span> 
     </span>
     <span class='ocr_line' id='line_1_9' title="bbox 97 1221 1190 1302; baseline -0.003 -19"><span class='ocrx_word' id='word_1_58' title='bbox 97 1223 169 1297; x_wconf 68' lang='grc' dir='ltr'>λοι,</span> <span class='ocrx_word' id='word_1_59' title='bbox 185 1221 339 1282; x_wconf 84' lang='lat' dir='ltr'>Graeciae</span> <span class='ocrx_word' id='word_1_60' title='bbox 353 1224 540 1302; x_wconf 89' lang='lat' dir='ltr'>praesertim</span> <span class='ocrx_word' id='word_1_61' title='bbox 561 1224 675 1302; x_wconf 91' lang='lat' dir='ltr'>opinor</span> <span class='ocrx_word' id='word_1_62' title='bbox 689 1241 756 1298; x_wconf 87' lang='lat' dir='ltr'>sen,</span> <span class='ocrx_word' id='word_1_63' title='bbox 777 1224 804 1284; x_wconf 92' lang='lat' dir='ltr'>si</span> <span class='ocrx_word' id='word_1_64' title='bbox 819 1241 890 1284; x_wconf 88' lang='lat' dir='ltr'>cum</span> <span class='ocrx_word' id='word_1_65' title='bbox 904 1221 1063 1284; x_wconf 85' lang='lat' dir='ltr'>Dodwello</span> <span class='ocrx_word' id='word_1_66' title='bbox 1083 1222 1190 1300; x_wconf 87' lang='lat' dir='ltr'>mavis,</span> 
     </span>
     <span class='ocr_line' id='line_1_10' title="bbox 96 1327 1189 1410; baseline 0 -22"><span class='ocrx_word' id='word_1_67' title='bbox 96 1329 239 1388; x_wconf 84' lang='lat' dir='ltr'>universi</span> <span class='ocrx_word' id='word_1_68' title='bbox 265 1329 356 1408; x_wconf 83' lang='lat' dir='ltr'>regni</span> <span class='ocrx_word' id='word_1_69' title='bbox 376 1327 593 1405; x_wconf 75' lang='lat' dir='ltr'>Macedonici,</span> <span class='ocrx_word' id='word_1_70' title='bbox 624 1329 713 1410; x_wconf 85' lang='lat' dir='ltr'>cnjus</span> <span class='ocrx_word' id='word_1_71' title='bbox 733 1347 827 1410; x_wconf 81' lang='lat' dir='ltr'>reges</span> <span class='ocrx_word' id='word_1_72' title='bbox 857 1327 1050 1390; x_wconf 77' lang='lat' dir='ltr'>Dicaearcho</span> <span class='ocrx_word' id='word_1_73' title='bbox 1082 1345 1189 1389; x_wconf 88' lang='lat' dir='ltr'>euram</span> 
     </span>
     <span class='ocr_line' id='line_1_11' title="bbox 99 1434 1191 1514; baseline -0.001 -18"><span class='ocrx_word' id='word_1_74' title='bbox 99 1437 250 1496; x_wconf 87' lang='lat' dir='ltr'>montium</span> <span class='ocrx_word' id='word_1_75' title='bbox 280 1435 509 1500; x_wconf 84' lang='lat' dir='ltr'>metiendornur</span> <span class='ocrx_word' id='word_1_76' title='bbox 535 1438 934 1499; x_wconf 83' lang='lat' dir='ltr'>commississe&#39;memorati</span> <span class='ocrx_word' id='word_1_77' title='bbox 956 1442 1037 1497; x_wconf 85' lang='lat' dir='ltr'>aunt.</span> <span class='ocrx_word' id='word_1_78' title='bbox 1098 1434 1191 1514; x_wconf 77' lang='lat' dir='ltr'>Quod</span> 
     </span>
     <span class='ocr_line' id='line_1_12' title="bbox 100 1541 1191 1624; baseline 0 -20"><span class='ocrx_word' id='word_1_79' title='bbox 100 1549 205 1604; x_wconf 86' lang='lat' dir='ltr'>sutem</span> <span class='ocrx_word' id='word_1_80' title='bbox 226 1545 258 1604; x_wconf 90' lang='lat' dir='ltr'>in</span> <span class='ocrx_word' id='word_1_81' title='bbox 279 1549 386 1604; x_wconf 85' lang='lat' dir='ltr'>nostro</span> <span class='ocrx_word' id='word_1_82' title='bbox 406 1543 583 1624; x_wconf 73' lang='lat' dir='ltr'>fragmento</span> <span class='ocrx_word' id='word_1_83' title='bbox 604 1551 735 1624; x_wconf 87' lang='lat' dir='ltr'>praeter</span> <span class='ocrx_word' id='word_1_84' title='bbox 754 1545 857 1624; x_wconf 90' lang='lat' dir='ltr'>ipsum</span> <span class='ocrx_word' id='word_1_85' title='bbox 878 1550 1013 1605; x_wconf 91' lang='lat' dir='ltr'>montem</span> <span class='ocrx_word' id='word_1_86' title='bbox 1035 1543 1129 1604; x_wconf 89' lang='lat' dir='ltr'>etiam</span> <span class='ocrx_word' id='word_1_87' title='bbox 1151 1541 1191 1604; x_wconf 87' lang='lat' dir='ltr'>de</span> 
     </span>
     <span class='ocr_line' id='line_1_13' title="bbox 100 1650 1190 1731; baseline 0 -19"><span class='ocrx_word' id='word_1_88' title='bbox 100 1650 181 1712; x_wconf 87' lang='lat' dir='ltr'>urbe</span> <span class='ocrx_word' id='word_1_89' title='bbox 202 1651 402 1712; x_wconf 75' lang='lat' dir='ltr'>Demetriade</span> <span class='ocrx_word' id='word_1_90' title='bbox 430 1669 533 1712; x_wconf 87' lang='lat' dir='ltr'>sermo</span> <span class='ocrx_word' id='word_1_91' title='bbox 563 1658 611 1713; x_wconf 86' lang='lat' dir='ltr'>est</span> <span class='ocrx_word' id='word_1_92' title='bbox 639 1658 672 1714; x_wconf 89' lang='lat' dir='ltr'>et</span> <span class='ocrx_word' id='word_1_93' title='bbox 693 1651 859 1731; x_wconf 86' lang='lat' dir='ltr'>aliqnando</span> <span class='ocrx_word' id='word_1_94' title='bbox 888 1652 1066 1712; x_wconf 73' lang='lat' dir='ltr'>accuratior</span> <span class='ocrx_word' id='word_1_95' title='bbox 1086 1667 1190 1712; x_wconf 87' lang='lat' dir='ltr'>sermo</span> 
     </span>
     <span class='ocr_line' id='line_1_14' title="bbox 100 1755 1191 1833; baseline 0.001 -17"><span class='ocrx_word' id='word_1_96' title='bbox 100 1755 199 1818; x_wconf 81' lang='lat' dir='ltr'>luisse</span> <span class='ocrx_word' id='word_1_97' title='bbox 227 1755 369 1833; x_wconf 87' lang='lat' dir='ltr'>videtur,</span> <span class='ocrx_word' id='word_1_98' title='bbox 396 1775 504 1818; x_wconf 89' lang='lat' dir='ltr'>rernm</span> <span class='ocrx_word' id='word_1_99' title='bbox 530 1763 660 1820; x_wconf 75' lang='lat' dir='ltr'>naturae</span> <span class='ocrx_word' id='word_1_100' title='bbox 687 1758 1010 1819; x_wconf 84' lang='lat' dir='ltr'>convenientissimum</span> <span class='ocrx_word' id='word_1_101' title='bbox 1037 1757 1191 1833; x_wconf 84' lang='lat' dir='ltr'>existimo,</span> 
     </span>
     <span class='ocr_line' id='line_1_15' title="bbox 103 1863 1191 1945; baseline -0.001 -21"><span class='ocrx_word' id='word_1_102' title='bbox 103 1881 197 1942; x_wconf 90' lang='lat' dir='ltr'>quum</span> <span class='ocrx_word' id='word_1_103' title='bbox 219 1883 257 1925; x_wconf 92' lang='lat' dir='ltr'>ea</span> <span class='ocrx_word' id='word_1_104' title='bbox 277 1865 352 1926; x_wconf 85' lang='lat' dir='ltr'>urbs</span> <span class='ocrx_word' id='word_1_105' title='bbox 365 1865 510 1945; x_wconf 83' lang='lat' dir='ltr'>proxime</span> <span class='ocrx_word' id='word_1_106' title='bbox 530 1871 667 1928; x_wconf 84' lang='lat' dir='ltr'>amente</span> <span class='ocrx_word' id='word_1_107' title='bbox 688 1867 748 1927; x_wconf 88' lang='lat' dir='ltr'>sita</span> <span class='ocrx_word' id='word_1_108' title='bbox 768 1865 875 1926; x_wconf 86' lang='lat' dir='ltr'>fuerit.</span> <span class='ocrx_word' id='word_1_109' title='bbox 917 1866 986 1943; x_wconf 75' lang='lat' dir='ltr'>Quo</span> <span class='ocrx_word' id='word_1_110' title='bbox 1002 1869 1105 1924; x_wconf 87' lang='lat' dir='ltr'>autem</span> <span class='ocrx_word' id='word_1_111' title='bbox 1118 1863 1191 1945; x_wconf 72' lang='lat' dir='ltr'>jure</span> 
     </span>
     <span class='ocr_line' id='line_1_16' title="bbox 100 1955 1191 2068; baseline 0.003 -36"><span class='ocrx_word' id='word_1_112' title='bbox 100 1971 307 2042; x_wconf 86' lang='lat' dir='ltr'>Buttmanuus</span> <span class='ocrx_word' id='word_1_113' title='bbox 328 1989 367 2034; x_wconf 87' lang='lat' dir='ltr'>ex</span> <span class='ocrx_word' id='word_1_114' title='bbox 387 1960 560 2042; x_wconf 69' lang='lat' dir='ltr'>vertistis</span> <span class='ocrx_word' id='word_1_115' title='bbox 582 1963 646 2058; x_wconf 74' lang='grc' dir='ltr'>μὲν</span> <span class='ocrx_word' id='word_1_116' title='bbox 668 1955 731 2036; x_wconf 78' lang='grc' dir='ltr'>οὖν</span> <span class='ocrx_word' id='word_1_117' title='bbox 754 1965 884 2068; x_wconf 69' lang='grc' dir='ltr'><em>Πήλιοο</em></span> <span class='ocrx_word' id='word_1_118' title='bbox 905 1972 966 2034; x_wconf 81' lang='grc' dir='ltr'>καὶ</span> <span class='ocrx_word' id='word_1_119' title='bbox 987 1961 1050 2055; x_wconf 70' lang='grc' dir='ltr'>τήν</span> <span class='ocrx_word' id='word_1_120' title='bbox 1070 1969 1191 2058; x_wconf 70' lang='grc' dir='ltr'><em>Δημη-</em></span> 
     </span>
     <span class='ocr_line' id='line_1_17' title="bbox 101 2071 1191 2168; baseline 0 -28"><span class='ocrx_word' id='word_1_121' title='bbox 101 2073 230 2162; x_wconf 80' lang='grc' dir='ltr'><strong><em>τριάδα</em></strong></span> <span class='ocrx_word' id='word_1_122' title='bbox 261 2073 451 2166; x_wconf 66' lang='grc' dir='ltr'><em>σομβέβῃκε</em></span> <span class='ocrx_word' id='word_1_123' title='bbox 473 2074 637 2168; x_wconf 67' lang='grc' dir='ltr'><em>τοιαύτην</em></span> <span class='ocrx_word' id='word_1_124' title='bbox 669 2071 757 2144; x_wconf 83' lang='grc' dir='ltr'><em>εἶναι</em></span> <span class='ocrx_word' id='word_1_125' title='bbox 784 2079 939 2162; x_wconf 73' lang='lat' dir='ltr'>colligere</span> <span class='ocrx_word' id='word_1_126' title='bbox 959 2081 1117 2161; x_wconf 90' lang='lat' dir='ltr'>potnerit,</span> <span class='ocrx_word' id='word_1_127' title='bbox 1149 2078 1191 2140; x_wconf 89' lang='lat' dir='ltr'>de</span> 
     </span>
     <span class='ocr_line' id='line_1_18' title="bbox 100 2186 1192 2268; baseline -0.005 -14"><span class='ocrx_word' id='word_1_128' title='bbox 100 2188 215 2262; x_wconf 78' lang='lat' dir='ltr'>montis</span> <span class='ocrx_word' id='word_1_129' title='bbox 235 2186 318 2250; x_wconf 86' lang='lat' dir='ltr'>Pelii</span> <span class='ocrx_word' id='word_1_130' title='bbox 338 2187 502 2248; x_wconf 79' lang='lat' dir='ltr'>altitudine</span> <span class='ocrx_word' id='word_1_131' title='bbox 523 2189 558 2249; x_wconf 90' lang='lat' dir='ltr'>in</span> <span class='ocrx_word' id='word_1_132' title='bbox 577 2206 616 2250; x_wconf 89' lang='lat' dir='ltr'>eo</span> <span class='ocrx_word' id='word_1_133' title='bbox 637 2188 739 2266; x_wconf 89' lang='lat' dir='ltr'>libro,</span> <span class='ocrx_word' id='word_1_134' title='bbox 768 2187 852 2250; x_wconf 91' lang='lat' dir='ltr'>unde</span> <span class='ocrx_word' id='word_1_135' title='bbox 882 2192 1052 2268; x_wconf 80' lang='lat' dir='ltr'>excerptor</span> <span class='ocrx_word' id='word_1_136' title='bbox 1077 2187 1192 2265; x_wconf 89' lang='lat' dir='ltr'>hausit,</span> 
     </span>
     <span class='ocr_line' id='line_1_19' title="bbox 101 2295 1262 2376; baseline -0.001 -17"><span class='ocrx_word' id='word_1_137' title='bbox 101 2295 198 2359; x_wconf 72' lang='lat' dir='ltr'>cerba</span> <span class='ocrx_word' id='word_1_138' title='bbox 218 2295 301 2358; x_wconf 78' lang='lat' dir='ltr'>lacta</span> <span class='ocrx_word' id='word_1_139' title='bbox 322 2315 384 2358; x_wconf 88' lang='lat' dir='ltr'>noo</span> <span class='ocrx_word' id='word_1_140' title='bbox 404 2296 522 2373; x_wconf 82' lang='lat' dir='ltr'>luisse,</span> <span class='ocrx_word' id='word_1_141' title='bbox 548 2301 655 2360; x_wconf 89' lang='lat' dir='ltr'>mente</span> <span class='ocrx_word' id='word_1_142' title='bbox 681 2297 830 2376; x_wconf 87' lang='lat' dir='ltr'>equidem</span> <span class='ocrx_word' id='word_1_143' title='bbox 851 2316 912 2360; x_wconf 89' lang='lat' dir='ltr'>non</span> <span class='ocrx_word' id='word_1_144' title='bbox 933 2313 1102 2376; x_wconf 70' lang='lat' dir='ltr'>assequere</span> <span class='ocrx_word' id='word_1_145' title='bbox 1123 2295 1192 2376; x_wconf 90' lang='lat' dir='ltr'>pri·</span> <span class='ocrx_word' id='word_1_146' title='bbox 1258 2297 1262 2306; x_wconf 82' lang='lat'><em>&#39;</em></span> 
     </span>
     <span class='ocr_line' id='line_1_20' title="bbox 101 2400 1190 2486; baseline -0.002 -22"><span class='ocrx_word' id='word_1_147' title='bbox 101 2422 185 2465; x_wconf 89' lang='lat' dir='ltr'>mum</span> <span class='ocrx_word' id='word_1_148' title='bbox 206 2405 299 2479; x_wconf 89' lang='lat' dir='ltr'>enim,</span> <span class='ocrx_word' id='word_1_149' title='bbox 318 2404 369 2465; x_wconf 84' lang='lat' dir='ltr'>sac</span> <span class='ocrx_word' id='word_1_150' title='bbox 391 2405 450 2464; x_wconf 89' lang='lat' dir='ltr'>ista</span> <span class='ocrx_word' id='word_1_151' title='bbox 463 2404 560 2466; x_wconf 80' lang='lat' dir='ltr'>cerba</span> <span class='ocrx_word' id='word_1_152' title='bbox 574 2405 758 2466; x_wconf 81' lang='lat' dir='ltr'>Dicaearchi</span> <span class='ocrx_word' id='word_1_153' title='bbox 778 2406 914 2486; x_wconf 73' lang='lat' dir='ltr'>genuina</span> <span class='ocrx_word' id='word_1_154' title='bbox 933 2405 1006 2480; x_wconf 89' lang='lat' dir='ltr'>sint,</span> <span class='ocrx_word' id='word_1_155' title='bbox 1027 2403 1089 2464; x_wconf 88' lang='lat' dir='ltr'>tale</span> <span class='ocrx_word' id='word_1_156' title='bbox 1110 2400 1190 2463; x_wconf 90' lang='lat' dir='ltr'>iliud</span> 
     </span>
     <span class='ocr_line' id='line_1_21' title="bbox 101 2509 1189 2592; baseline -0.004 -20"><span class='ocrx_word' id='word_1_157' title='bbox 101 2511 229 2572; x_wconf 88' lang='lat' dir='ltr'>minime</span> <span class='ocrx_word' id='word_1_158' title='bbox 243 2510 378 2570; x_wconf 90' lang='lat' dir='ltr'>omnium</span> <span class='ocrx_word' id='word_1_159' title='bbox 389 2509 559 2574; x_wconf 82' lang='lat' dir='ltr'>excludunt</span> <span class='ocrx_word' id='word_1_160' title='bbox 575 2517 607 2572; x_wconf 90' lang='lat' dir='ltr'>et</span> <span class='ocrx_word' id='word_1_161' title='bbox 623 2509 736 2572; x_wconf 90' lang='lat' dir='ltr'>deinde</span> <span class='ocrx_word' id='word_1_162' title='bbox 750 2529 942 2592; x_wconf 70' lang='lat' dir='ltr'>magnopere</span> <span class='ocrx_word' id='word_1_163' title='bbox 956 2509 1121 2590; x_wconf 89' lang='lat' dir='ltr'>quaeritur</span> <span class='ocrx_word' id='word_1_164' title='bbox 1135 2526 1189 2569; x_wconf 88' lang='lat' dir='ltr'>an·</span> 
     </span>
     <span class='ocr_line' id='line_1_22' title="bbox 100 2616 1189 2698; baseline -0.003 -20"><span class='ocrx_word' id='word_1_165' title='bbox 100 2635 165 2678; x_wconf 89' lang='lat' dir='ltr'>non</span> <span class='ocrx_word' id='word_1_166' title='bbox 178 2635 216 2677; x_wconf 90' lang='lat' dir='ltr'>ea</span> <span class='ocrx_word' id='word_1_167' title='bbox 230 2617 325 2678; x_wconf 84' lang='lat' dir='ltr'>verba</span> <span class='ocrx_word' id='word_1_168' title='bbox 338 2619 532 2698; x_wconf 82' lang='lat' dir='ltr'>excerptori,</span> <span class='ocrx_word' id='word_1_169' title='bbox 554 2619 608 2698; x_wconf 92' lang='lat' dir='ltr'>qui</span> <span class='ocrx_word' id='word_1_170' title='bbox 629 2625 758 2698; x_wconf 86' lang='lat' dir='ltr'>praeter</span> <span class='ocrx_word' id='word_1_171' title='bbox 771 2619 892 2678; x_wconf 87' lang='lat' dir='ltr'>Pelium</span> <span class='ocrx_word' id='word_1_172' title='bbox 906 2618 999 2678; x_wconf 90' lang='lat' dir='ltr'>etiam</span> <span class='ocrx_word' id='word_1_173' title='bbox 1015 2616 1189 2680; x_wconf 88' lang='lat' dir='ltr'>Demetria-</span> 
     </span>
     <span class='ocr_line' id='line_1_23' title="bbox 103 2715 1273 2806; baseline -0.003 -21"><span class='ocrx_word' id='word_1_174' title='bbox 103 2724 175 2786; x_wconf 87' lang='lat' dir='ltr'>dem</span> <span class='ocrx_word' id='word_1_175' title='bbox 195 2743 368 2804; x_wconf 83' lang='lat' dir='ltr'>qurnqnam</span> <span class='ocrx_word' id='word_1_176' title='bbox 387 2727 484 2806; x_wconf 79' lang='lat' dir='ltr'>magia</span> <span class='ocrx_word' id='word_1_177' title='bbox 496 2717 544 2797; x_wconf 72' lang='lat' dir='ltr'>cic</span> <span class='ocrx_word' id='word_1_178' title='bbox 555 2719 592 2785; x_wconf 77' lang='grc' dir='ltr'>ἐν</span> <span class='ocrx_word' id='word_1_179' title='bbox 603 2715 754 2806; x_wconf 82' lang='grc' dir='ltr'><em>παρόδῳ</em></span> <span class='ocrx_word' id='word_1_180' title='bbox 766 2723 956 2804; x_wconf 88' lang='lat' dir='ltr'>descriptam</span> <span class='ocrx_word' id='word_1_181' title='bbox 968 2722 1189 2803; x_wconf 87' lang='lat' dir='ltr'>deprehende-</span> <span class='ocrx_word' id='word_1_182' title='bbox 1268 2723 1273 2729; x_wconf 86' lang='grc'><em>“</em></span> 
     </span>
     <span class='ocr_line' id='line_1_24' title="bbox 100 2832 1189 2910; baseline -0.003 -17"><span class='ocrx_word' id='word_1_183' title='bbox 100 2833 155 2908; x_wconf 91' lang='lat' dir='ltr'>rit,</span> <span class='ocrx_word' id='word_1_184' title='bbox 168 2833 227 2894; x_wconf 86' lang='lat' dir='ltr'>soli</span> <span class='ocrx_word' id='word_1_185' title='bbox 238 2832 431 2894; x_wconf 88' lang='lat' dir='ltr'>accensenda</span> <span class='ocrx_word' id='word_1_186' title='bbox 446 2833 518 2894; x_wconf 89' lang='lat' dir='ltr'>sint.</span> <span class='ocrx_word' id='word_1_187' title='bbox 550 2833 697 2896; x_wconf 78' lang='lat' dir='ltr'>Ceterum</span> <span class='ocrx_word' id='word_1_188' title='bbox 708 2833 921 2908; x_wconf 73' lang='lat' dir='ltr'>dietmarum,</span> <span class='ocrx_word' id='word_1_189' title='bbox 932 2849 1026 2910; x_wconf 88' lang='lat' dir='ltr'>quum</span> <span class='ocrx_word' id='word_1_190' title='bbox 1036 2849 1104 2892; x_wconf 87' lang='lat' dir='ltr'>cam</span> <span class='ocrx_word' id='word_1_191' title='bbox 1118 2847 1189 2891; x_wconf 89' lang='lat' dir='ltr'>sen·</span> 
     </span>
     <span class='ocr_line' id='line_1_25' title="bbox 100 2923 1188 3022; baseline -0.004 -22"><span class='ocrx_word' id='word_1_192' title='bbox 100 2941 231 3000; x_wconf 85' lang='lat' dir='ltr'>tentiam</span> <span class='ocrx_word' id='word_1_193' title='bbox 245 2939 377 3001; x_wconf 81' lang='lat' dir='ltr'>haberet</span> <span class='ocrx_word' id='word_1_194' title='bbox 392 2945 424 3000; x_wconf 92' lang='lat' dir='ltr'>et</span> <span class='ocrx_word' id='word_1_195' title='bbox 445 2939 556 3002; x_wconf 87' lang='lat' dir='ltr'>cadem</span> <span class='ocrx_word' id='word_1_196' title='bbox 569 2939 674 3015; x_wconf 83' lang='lat' dir='ltr'>rerba,</span> <span class='ocrx_word' id='word_1_197' title='bbox 698 2958 778 3020; x_wconf 86' lang='lat' dir='ltr'>quae</span> <span class='ocrx_word' id='word_1_198' title='bbox 795 2940 828 3002; x_wconf 90' lang='lat' dir='ltr'>iu</span> <span class='ocrx_word' id='word_1_199' title='bbox 841 2936 919 3012; x_wconf 78' lang='grc' dir='ltr'><em>βίον</em></span> <span class='ocrx_word' id='word_1_200' title='bbox 942 2942 1001 3022; x_wconf 74' lang='grc' dir='ltr'>τῆς</span> <span class='ocrx_word' id='word_1_201' title='bbox 1018 2923 1188 3008; x_wconf 79' lang='grc' dir='ltr'><em>Ἑλλάδος</em></span> 
     </span>
     <span class='ocr_line' id='line_1_26' title="bbox 99 3036 1187 3134; baseline -0.006 -23"><span class='ocrx_word' id='word_1_202' title='bbox 99 3047 290 3128; x_wconf 73' lang='lat' dir='ltr'>fragmento</span> <span class='ocrx_word' id='word_1_203' title='bbox 307 3047 472 3128; x_wconf 72' lang='lat' dir='ltr'>leguntur,</span> <span class='ocrx_word' id='word_1_204' title='bbox 502 3036 557 3110; x_wconf 80' lang='lat' dir='ltr'>du</span> <span class='ocrx_word' id='word_1_205' title='bbox 577 3045 598 3134; x_wconf 79' lang='grc' dir='ltr'><em>ἠ</em></span> <span class='ocrx_word' id='word_1_206' title='bbox 620 3037 684 3132; x_wconf 75' lang='grc' dir='ltr'>μὲν</span> <span class='ocrx_word' id='word_1_207' title='bbox 702 3041 824 3121; x_wconf 76' lang='grc' dir='ltr'><em>Ἑλλάς</em></span> <span class='ocrx_word' id='word_1_208' title='bbox 850 3064 881 3109; x_wconf 89' lang='grc' dir='ltr'>κ.</span> <span class='ocrx_word' id='word_1_209' title='bbox 902 3065 932 3108; x_wconf 85' lang='grc' dir='ltr'>τ.</span> <span class='ocrx_word' id='word_1_210' title='bbox 953 3037 985 3106; x_wconf 90' lang='grc' dir='ltr'>λ.</span> <span class='ocrx_word' id='word_1_211' title='bbox 1010 3045 1043 3107; x_wconf 93' lang='lat' dir='ltr'>iu</span> <span class='ocrx_word' id='word_1_212' title='bbox 1070 3045 1187 3106; x_wconf 88' lang='lat' dir='ltr'>nostris</span> 
     </span>
     <span class='ocr_line' id='line_1_27' title="bbox 98 3152 1188 3233; baseline -0.001 -18"><span class='ocrx_word' id='word_1_213' title='bbox 98 3154 223 3216; x_wconf 85' lang='lat' dir='ltr'>laciniis</span> <span class='ocrx_word' id='word_1_214' title='bbox 249 3153 385 3216; x_wconf 82' lang='lat' dir='ltr'>subnexa</span> <span class='ocrx_word' id='word_1_215' title='bbox 412 3153 553 3230; x_wconf 85' lang='lat' dir='ltr'>rideret,</span> <span class='ocrx_word' id='word_1_216' title='bbox 583 3155 733 3216; x_wconf 77' lang='lat' dir='ltr'>Fabricio</span> <span class='ocrx_word' id='word_1_217' title='bbox 760 3154 839 3216; x_wconf 86' lang='lat' dir='ltr'>haec</span> <span class='ocrx_word' id='word_1_218' title='bbox 869 3157 903 3214; x_wconf 92' lang='lat' dir='ltr'>et</span> <span class='ocrx_word' id='word_1_219' title='bbox 928 3152 1050 3232; x_wconf 88' lang='lat' dir='ltr'>reliqua</span> <span class='ocrx_word' id='word_1_220' title='bbox 1066 3153 1133 3233; x_wconf 86' lang='lat' dir='ltr'>jam</span> <span class='ocrx_word' id='word_1_221' title='bbox 1154 3152 1188 3214; x_wconf 87' lang='lat' dir='ltr'>in</span> 
     </span>
     <span class='ocr_line' id='line_1_28' title="bbox 98 3259 1187 3344; baseline -0.005 -20"><span class='ocrx_word' id='word_1_222' title='bbox 98 3261 363 3344; x_wconf 78' lang='lat' dir='ltr'>praecedentibus</span> <span class='ocrx_word' id='word_1_223' title='bbox 384 3262 448 3342; x_wconf 77' lang='lat' dir='ltr'>legi</span> <span class='ocrx_word' id='word_1_224' title='bbox 469 3262 661 3339; x_wconf 81' lang='lat' dir='ltr'>affirmante,</span> <span class='ocrx_word' id='word_1_225' title='bbox 681 3262 763 3324; x_wconf 85' lang='lat' dir='ltr'>Pelii</span> <span class='ocrx_word' id='word_1_226' title='bbox 782 3267 919 3324; x_wconf 89' lang='lat' dir='ltr'>nostram</span> <span class='ocrx_word' id='word_1_227' title='bbox 942 3259 1187 3340; x_wconf 74' lang='lat' dir='ltr'>descriptionem</span> 
     </span>
     <span class='ocr_line' id='line_1_29' title="bbox 97 3358 1187 3454; baseline -0.005 -21"><span class='ocrx_word' id='word_1_228' title='bbox 97 3365 175 3450; x_wconf 85' lang='grc' dir='ltr'>Βίῳ</span> <span class='ocrx_word' id='word_1_229' title='bbox 196 3368 256 3454; x_wconf 80' lang='grc' dir='ltr'>τῆς</span> <span class='ocrx_word' id='word_1_230' title='bbox 273 3358 443 3442; x_wconf 80' lang='grc' dir='ltr'><em>Ἑλλάδος</em></span> <span class='ocrx_word' id='word_1_231' title='bbox 463 3368 632 3430; x_wconf 84' lang='lat' dir='ltr'>vindicarit</span> <span class='ocrx_word' id='word_1_232' title='bbox 661 3370 746 3430; x_wconf 92' lang='lat' dir='ltr'>etin</span> <span class='ocrx_word' id='word_1_233' title='bbox 767 3367 906 3430; x_wconf 84' lang='lat' dir='ltr'>editione</span> <span class='ocrx_word' id='word_1_234' title='bbox 927 3359 982 3429; x_wconf 81' lang='lat' dir='ltr'>sua</span> <span class='ocrx_word' id='word_1_235' title='bbox 1002 3367 1187 3448; x_wconf 74' lang='lat' dir='ltr'>fragmentis</span> 
     </span>
     <span class='ocr_line' id='line_1_30' title="bbox 99 3455 1185 3558; baseline -0.002 -22"><span class='ocrx_word' id='word_1_236' title='bbox 99 3477 170 3558; x_wconf 76' lang='lat' dir='ltr'>eins</span> <span class='ocrx_word' id='word_1_237' title='bbox 190 3455 268 3540; x_wconf 84' lang='lat' dir='ltr'>libri</span> <span class='ocrx_word' id='word_1_238' title='bbox 286 3476 413 3558; x_wconf 82' lang='lat' dir='ltr'>adjecit.</span> <span class='ocrx_word' id='word_1_239' title='bbox 465 3477 565 3540; x_wconf 83' lang='lat' dir='ltr'>Quam</span> <span class='ocrx_word' id='word_1_240' title='bbox 595 3481 705 3538; x_wconf 90' lang='lat' dir='ltr'>contra</span> <span class='ocrx_word' id='word_1_241' title='bbox 733 3475 946 3557; x_wconf 80' lang='lat' dir='ltr'>conjecturam</span> <span class='ocrx_word' id='word_1_242' title='bbox 969 3493 1040 3536; x_wconf 90' lang='lat' dir='ltr'>cum</span> <span class='ocrx_word' id='word_1_243' title='bbox 1061 3473 1185 3536; x_wconf 87' lang='lat' dir='ltr'>Osanno</span> 
     </span>
     <span class='ocr_line' id='line_1_31' title="bbox 96 3573 1195 3668; baseline -0.005 -20"><span class='ocrx_word' id='word_1_244' title='bbox 96 3585 161 3648; x_wconf 89' lang='lat' dir='ltr'>hoc</span> <span class='ocrx_word' id='word_1_245' title='bbox 182 3586 377 3666; x_wconf 85' lang='lat' dir='ltr'>potissimum</span> <span class='ocrx_word' id='word_1_246' title='bbox 399 3583 541 3665; x_wconf 81' lang='lat' dir='ltr'>profero,</span> <span class='ocrx_word' id='word_1_247' title='bbox 563 3583 648 3664; x_wconf 92' lang='lat' dir='ltr'>quod</span> <span class='ocrx_word' id='word_1_248' title='bbox 668 3579 745 3656; x_wconf 84' lang='grc' dir='ltr'><em>βίος</em></span> <span class='ocrx_word' id='word_1_249' title='bbox 766 3581 826 3668; x_wconf 73' lang='grc' dir='ltr'>τῆς</span> <span class='ocrx_word' id='word_1_250' title='bbox 843 3573 1031 3660; x_wconf 85' lang='grc' dir='ltr'><em>Ἐλλοίδος,</em></span> <span class='ocrx_word' id='word_1_251' title='bbox 1052 3583 1080 3644; x_wconf 89' lang='lat' dir='ltr'>si</span> <span class='ocrx_word' id='word_1_252' title='bbox 1100 3587 1195 3643; x_wconf 84' lang='lat' dir='ltr'>cete·&#39;</span> 
     </span>
     <span class='ocr_line' id='line_1_32' title="bbox 96 3687 1186 3770; baseline -0.008 -14"><span class='ocrx_word' id='word_1_253' title='bbox 96 3709 151 3756; x_wconf 79' lang='lat' dir='ltr'>ras</span> <span class='ocrx_word' id='word_1_254' title='bbox 171 3697 288 3770; x_wconf 85' lang='lat' dir='ltr'>partes,</span> <span class='ocrx_word' id='word_1_255' title='bbox 307 3692 401 3752; x_wconf 85' lang='lat' dir='ltr'>sicuti</span> <span class='ocrx_word' id='word_1_256' title='bbox 422 3690 463 3752; x_wconf 90' lang='lat' dir='ltr'>de</span> <span class='ocrx_word' id='word_1_257' title='bbox 483 3691 565 3752; x_wconf 85' lang='lat' dir='ltr'>lsonn</span> <span class='ocrx_word' id='word_1_258' title='bbox 585 3690 744 3769; x_wconf 73' lang='lat' dir='ltr'>scriptore</span> <span class='ocrx_word' id='word_1_259' title='bbox 765 3689 907 3770; x_wconf 74' lang='lat' dir='ltr'>cogitare</span> <span class='ocrx_word' id='word_1_260' title='bbox 927 3707 986 3768; x_wconf 89' lang='lat' dir='ltr'>par</span> <span class='ocrx_word' id='word_1_261' title='bbox 1006 3693 1071 3764; x_wconf 88' lang='lat' dir='ltr'>est,</span> <span class='ocrx_word' id='word_1_262' title='bbox 1091 3687 1186 3748; x_wconf 89' lang='lat' dir='ltr'>slmill</span> 
     </span>
     <span class='ocr_line' id='line_1_33' title="bbox 96 3791 1187 3874; baseline -0.005 -16"><span class='ocrx_word' id='word_1_263' title='bbox 96 3797 221 3860; x_wconf 88' lang='lat' dir='ltr'>ratione</span> <span class='ocrx_word' id='word_1_264' title='bbox 241 3803 389 3858; x_wconf 87' lang='lat' dir='ltr'>tractatas</span> <span class='ocrx_word' id='word_1_265' title='bbox 409 3796 507 3860; x_wconf 87' lang='lat' dir='ltr'>luisse</span> <span class='ocrx_word' id='word_1_266' title='bbox 526 3801 750 3873; x_wconf 85' lang='lat' dir='ltr'>statueremus,</span> <span class='ocrx_word' id='word_1_267' title='bbox 776 3796 944 3859; x_wconf 88' lang='lat' dir='ltr'>immensae</span> <span class='ocrx_word' id='word_1_268' title='bbox 965 3791 1187 3874; x_wconf 79' lang='lat' dir='ltr'>magnitudinis</span> 
     </span>
     <span class='ocr_line' id='line_1_34' title="bbox 96 3898 1185 3990; baseline -0.008 -22"><span class='ocrx_word' id='word_1_269' title='bbox 96 3902 201 3978; x_wconf 84' lang='lat' dir='ltr'>fuiss&#39;e</span> <span class='ocrx_word' id='word_1_270' title='bbox 218 3904 412 3976; x_wconf 80' lang='lat' dir='ltr'>ediceretur.</span> <span class='ocrx_word' id='word_1_271' title='bbox 459 3905 573 3985; x_wconf 87' lang='lat' dir='ltr'>Neque</span> <span class='ocrx_word' id='word_1_272' title='bbox 593 3905 625 3966; x_wconf 90' lang='lat' dir='ltr'>in</span> <span class='ocrx_word' id='word_1_273' title='bbox 648 3903 769 3966; x_wconf 83' lang='lat' dir='ltr'>duobus</span> <span class='ocrx_word' id='word_1_274' title='bbox 788 3903 828 3966; x_wconf 87' lang='lat' dir='ltr'>iis</span> <span class='ocrx_word' id='word_1_275' title='bbox 848 3903 1033 3984; x_wconf 74' lang='lat' dir='ltr'>fragmentis</span> <span class='ocrx_word' id='word_1_276' title='bbox 1053 3898 1185 3990; x_wconf 84' lang='lat' dir='ltr'>eandem</span> 
     </span>
     <span class='ocr_line' id='line_1_35' title="bbox 97 4009 1182 4090; baseline -0.006 -18"><span class='ocrx_word' id='word_1_277' title='bbox 97 4010 255 4074; x_wconf 88' lang='lat' dir='ltr'>tractandi</span> <span class='ocrx_word' id='word_1_278' title='bbox 276 4013 423 4074; x_wconf 84' lang='lat' dir='ltr'>materias</span> <span class='ocrx_word' id='word_1_279' title='bbox 442 4013 596 4082; x_wconf 86' lang='lat' dir='ltr'>rationem</span> <span class='ocrx_word' id='word_1_280' title='bbox 616 4012 757 4090; x_wconf 87' lang='lat' dir='ltr'>reperio,</span> <span class='ocrx_word' id='word_1_281' title='bbox 777 4009 859 4072; x_wconf 85' lang='lat' dir='ltr'>sient</span> <span class='ocrx_word' id='word_1_282' title='bbox 872 4010 1086 4080; x_wconf 71' lang='lat' dir='ltr'>Buttmannusr</span> <span class='ocrx_word' id='word_1_283' title='bbox 1109 4023 1182 4066; x_wconf 88' lang='lat' dir='ltr'>cou-</span> 
     </span>
     <span class='ocr_line' id='line_1_36' title="bbox 96 4113 1184 4202; baseline -0.002 -24"><span class='ocrx_word' id='word_1_284' title='bbox 96 4123 147 4178; x_wconf 85' lang='lat' dir='ltr'>trn</span> <span class='ocrx_word' id='word_1_285' title='bbox 166 4121 200 4181; x_wconf 92' lang='lat' dir='ltr'>iu</span> <span class='ocrx_word' id='word_1_286' title='bbox 231 4118 291 4180; x_wconf 84' lang='lat' dir='ltr'>illo·</span> <span class='ocrx_word' id='word_1_287' title='bbox 310 4114 399 4183; x_wconf 81' lang='grc' dir='ltr'><em>Βίου</em></span> <span class='ocrx_word' id='word_1_288' title='bbox 421 4113 710 4202; x_wconf 77' lang='grc' dir='ltr'><em>α’ποοπασματίῳ</em></span> <span class='ocrx_word' id='word_1_289' title='bbox 737 4117 873 4198; x_wconf 83' lang='lat' dir='ltr'>plurima</span> <span class='ocrx_word' id='word_1_290' title='bbox 898 4115 1089 4179; x_wconf 56' lang='lat' dir='ltr'>brevissime&gt;</span> <span class='ocrx_word' id='word_1_291' title='bbox 1108 4129 1184 4176; x_wconf 88' lang='lat' dir='ltr'>eon·</span> 
     </span>
     <span class='ocr_line' id='line_1_37' title="bbox 96 4222 1225 4333; baseline -0.007 -41"><span class='ocrx_word' id='word_1_292' title='bbox 96 4224 191 4333; x_wconf 77' lang='lat' dir='ltr'>lecta,</span> <span class='ocrx_word' id='word_1_293' title='bbox 212 4227 265 4292; x_wconf 86' lang='lat' dir='ltr'>lslc</span> <span class='ocrx_word' id='word_1_294' title='bbox 285 4228 406 4312; x_wconf 65' lang='lat' dir='ltr'>unguis</span> <span class='ocrx_word' id='word_1_295' title='bbox 422 4228 523 4294; x_wconf 78' lang='lat' dir='ltr'>iusim</span> <span class='ocrx_word' id='word_1_296' title='bbox 544 4235 578 4292; x_wconf 88' lang='lat' dir='ltr'>et</span> <span class='ocrx_word' id='word_1_297' title='bbox 597 4227 774 4292; x_wconf 81' lang='lat' dir='ltr'>secuntias</span> <span class='ocrx_word' id='word_1_298' title='bbox 794 4231 939 4292; x_wconf 84' lang='lat' dir='ltr'>enarrata</span> <span class='ocrx_word' id='word_1_299' title='bbox 958 4222 1181 4302; x_wconf 78' lang='lat' dir='ltr'>snimsdrsrto.</span> <span class='ocrx_word' id='word_1_300' title='bbox 1223 4313 1225 4320; x_wconf 13' lang='lat' dir='ltr'>y</span> 
     </span>
    </p>
   </div>
   <div class='ocr_carea' id='block_1_3' title="bbox 0 0 1372 4718">
    <p class='ocr_par' dir='ltr' id='par_1_3' title="bbox 0 0 1372 4718">
     <span class='ocr_line' id='line_1_38' title="bbox 0 0 1372 4718; baseline 0 0"><span class='ocrx_word' id='word_1_301' title='bbox 0 0 1372 4718; x_wconf 95' lang='lat' dir='ltr'> </span> 
     </span>
    </p>
   </div>
  </div>
 </body>
</html>
