2728 4720
499 250 720 326 .......505
771 219 918 340 ...ρΙ

225 435 338 506 mm.
369 441 456 521 Quae
475 442 558 506 inter
577 439 661 506 bunc
681 441 877 524 snmmpbea
896 441 1000 518 locum
1022 447 1055 508 et
1075 440 1225 524 pedestre

132 548 350 630 fragmentum
368 547 613 620 Dicaearcbeum
644 547 815 622 intercedit
829 548 896 629 jum
917 547 993 610 alibi
1009 546 1225 610 'animadversa
1283 592 1286 604 ,

132 637 190 718 est
213 655 424 736 discrepantia
444 653 678 717 de'ibebarum
699 655 826 732 ambitu,
847 656 969 735 qnippe
991 657 1045 734 qui
1066 656 1131 718 illic
1152 665 1234 736 sep·'

131 763 281 843 tuagiuta
301 761 483 838 stadiorum,
502 761 555 822 bic
574 778 651 823 vero
673 761 877 843 quadraginta
897 762 993 823 trium
1013 779 1082 824 essa
1103 759 1225 822 refera-

124 872 205 930 ἰιι-ς
250 869 348 950 Quum
373 869 611 949 repugnantiam
636 885 730 948 quum
758 867 887 947 plurimi
913 867 978 930 viri·
994 865 1082 928 docti
1101 867 1146 958 de*
1163 883 1246 934 nuo,

74 1045 76 1050 ,
131 975 317 1054 eodemque
330 977 494 1056 utriusque
507 976 674 1056 fragmenti
695 980 829 1044 auctore
838 975 1012 1055 cogitantes
1029 961 1118 1036 'vario
1132 973 1226 1036 modo

131 1081 181 1142 de
209 1080 314 1174 medio
341 1081 455 1148 tollere
475 1081 671 1158 studuerint,
692 1082 758 1163 jam
778 1081 925 1144 Rurtbius
944 1081 1019 1144 iude
1042 1099 1155 1147 norum
1175 1098 1224 1142 ar·

131 1195 321 1267 gumentum
346 1206 421 1250 suae
446 1189 647 1270 conjecturae
670 1189 848 1266 arcessivit,
876 1207 937 1268 qua
964 1187 1165 1270 anagrapbeu
1192 1192 1226 1248 et
1267 1237 1289 1264 a,

131 1291 235 1356 Vitae
255 1294 407 1356 Graeciae
435 1295 642 1378 fragmentum
668 1294 839 1358 adiversis
867 1295 1076 1376 scriptoribus
1096 1277 1225 1374 compo·-

131 1401 201 1464 sita
222 1421 291 1464 esse
309 1409 475 1465 statuerat

221 1527 265 1572 vs.
278 1509 329 1572 oo.
350 1511 414 1573 Pro
428 1507 461 1572 κ’
474 1499 680 1598 Ὀρχιιμειός
691 1510 871 1574 liolsteuius
887 1509 973 1590 quod
986 1509 1070 1592 apud
1085 1517 1225 1572 nostrum
1255 1561 1256 1566 ,

130 1607 272 1680 metrice
291 1613 422 1680 tolerari
442 1617 621 1698 potestatui
639 1609 844 1700 Ὀρχόμενος
865 1618 976 1680 edidit.
1010 1601 1225 1680 Orchomenus

70 1762 73 1766 -
131 1722 285 1804 Minyeus
320 1701 519 1795 aMuellerc
554 1725 706 1804 singulari
738 1725 821 1788 libro
855 1727 931 1788 satis
966 1725 1151 1786 illustratus·
1166 1730 1222 1787 est.

84 1877 85 1880 ,
131 1831 266 1911 Copae,
292 1833 382 1914 cujus
409 1833 541 1894 nominis
561 1831 603 1894 de
624 1834 746 1894 ratione
766 1832 928 1896 Strabonis
953 1832 1043 1894 locus
1063 1851 1160 1914 supra
1180 1820 1225 1896 al-

130 1937 259 2019 legatus
279 1939 423 2014 eouierri
440 1944 564 2021 potest,
593 1939 739 2020 inprimis
758 1941 904 2021 anguillis
925 1939 1099 2020 praeclaris
1119 1935 1223 2027 (θυι-

110 2042 247 2132 .ναιά)
275 2049 448 2112 instructae
475 2047 574 2110 inisse
593 2047 777 2110 referuntur
806 2049 848 2134 ci.
869 2048 983 2111 Athen.
1005 2049 1078 2124 Vll,
1099 2067 1131 2130 p.
1151 2047 1228 2140 illi.v
1347 2055 1348 2058 ’

131 2153 189 2218 Ad
210 2155 305 2216 verba
326 2143 418 2218 εἶτα
437 2144 541 2243 perci
563 2145 642 2218 olo
664 2156 928 2237 simplicissimum
948 2155 1074 2218 videtur
1097 2145 1223 2221 στάδια

130 2259 241 2324 mente
268 2264 522 2355 subintelligere:
545 2263 586 2327 id
609 2265 692 2326 enim
712 2265 894 2326 vccabulum
916 2267 1010 2327 etium
1030 2265 1094 2343 ita,
1121 2271 1158 2326 ut
1175 2263 1224 2326 'ex

130 2372 360 2432 sententiarum
387 2390 529 2436 connexu
555 2373 662 2452 repeti
691 2370 785 2453 plone
805 2391 867 2434 non
888 2374 1006 2454 possit,
1035 2379 1110 2454 post
1128 2389 1223 2434 voees
1260 2361 1261 2367 ἵ

132 2478 311 2540 numerales
339 2477 425 2538 baud
453 2467 700 2542 roro'omissum
731 2457 1013 2558 deprehenditur.¹
1048 2479 1094 2540 lta
1119 2485 1222 2540 autem
1258 2463 1261 2468 ¹

48 2607 70 2638 ·.
131 2585 185 2646 via
204 2586 288 2646 iuter
308 2583 539 2648 Orchomenum
566 2591 600 2646 et
619 2584 794 2674 Lebadeam
811 2588 899 2668 justo
924 2587 1051 2648 brevior
1072 2586 1222 2662 allicitur,

132 2694 187 2754 aui
214 2694 264 2754 rei
284 2699 319 2770 ut
338 2699 540 2754 succurreret
567 2688 604 2753 0.
624 2691 799 2758 Muellerus
821 2710 994 2772 quanquam
1017 2692 1222 2755 audacissime
1262 2689 1264 2692 ’

47 2799 54 2834 ·'
133 2790 405 2890 properoi'doio
435 2782 536 2887 μεθ’1
555 2791 708 2894 arando
734 2799 900 2880 legendum
923 2801 1068 2883 conjecit.
1110 2801 1222 2881 Neque

131 2896 733 2996 puzoloio‚'ut13utrnrnnussreete
759 2907 992 2985 animadvertit,
1018 2908 1106 2970 idem
1136 2905 1221 2988 quod
1257 2899 1260 2904 ¹

85 3008 89 3015 ’
131 3007 221 3104 μετα
250 3007 314 3094 τοὶς
335 3004 411 3081 διο
420 3035 463 3080 so.
489 3011 607 3090 πόλεις
628 3017 816 3098 siguificare
828 3024 936 3140 potest
956 3035 1061 3096 neque
1081 3019 1166 3104 ejus
1170 3019 1220 3098 ip·
1256 3093 1258 3100 y

133 3127 200 3188 sius
221 3127 379 3186 correctio
400 3143 491 3208 μετα
480 3115 550 3187 dd
574 3114 688 3201 rdvb.
709 3143 738 3185 c.
758 3141 844 3209 μετα
868 3117 905 3186 δὲ
928 3143 1061 3188 τουτον
1074 3125 1219 3186 nimirum
1254 3209 1257 3216 1
1305 3146 1307 3148 ·

126 3223 197 3298 τὸν
224 3224 437 3316 Ὀρχομενόν
465 3251 658 3314 magnopere
679 3231 923 3294 commendanda
943 3237 999 3294 est.
1041 3231 1074 3294 ln
1096 3232 1220 3316 vulgata

132 3341 231 3422 igitur
250 3341 404 3418 lectione,
430 3342 512 3402 sieut
543 3358 649 3402 omnes
680 3338 783 3402 adbuc
815 3339 956 3401 editores
975 3337 1138 3414 iecerunt,
1166 3357 1218 3400 ac-

52 3450 54 3456 ’
134 3430 358 3530 quiescendum
386 3467 456 3510 esse
470 3447 599 3530 judico,
630 3446 730 3508 donee
759 3447 828 3528 ejus
849 3453 903 3510 aut
922 3447 1143 3528 interpretatio
1165 3451 1231 3508 aut*

21 3575 24 3582 ·
54 3588 56 3596 ·
134 3557 312 3619 emendatio
333 3575 406 3636 sana
426 3558 627 3638 investigata
634 3556 761 3618 luerit.

213 3679 258 3724 vs.
269 3661 320 3724 ot.
338 3662 517 3764 ‚Trophonii
531 3656 700 3739 oraculum,
723 3661 762 3724 de
775 3680 844 3742 quo
861 3645 1017 3744 singulare
1034 3615 1216 3722 liioaeurclri
1274 3749 1276 3752 Ι

131 3771 284 3852 scriptum
304 3772 434 3847 exstitit,
456 3790 636 3852 quanquam
650 3790 712 3835 nou
733 3772 796 3834 ln
785 3790 855 3852 ipsa
875 3769 1020 3831 chedeu
1041 3768 1137 3844 urbe,
1158 3765 1216 3828 sed

132 3895 236 3958 prope
267 3896 334 3938 eam
359 3879 453 3941 situm
481 3879 611 3954 luit-‚-
569 3899 723 3959 -quem
754 3880 788 3940 in
817 3897 939 3940 sensum
962 3877 1067 3938 Pbolii
1089 3892 1230 3956 quoque,
1251 3893 1267 3952 j

131 3981 219 4046 locus
246 3984 501 4106 interpretandus
532 3947 581 4050 est
601 3985 643 4048 ci.
664 3986 738 4047 Les.
761 4005 793 4066 p.
816 3983 886 4044 154
906 3979 1083 4059 Λιβαδία,
1112 3970 1215 4054 πόλις

132 4066 317 4166 Βοιωτίας,
346 4087 383 4154 ἑι
411 4073 434 4176 ᾖ
452 4080 546 4168 Διιις
572 4084 736 4178 μαντεῖον
766 4075 987 4174 Τροφωιιου
1000 4082 1213 4152 κατασκευαί·

133 4207 327 4272 σαιιος-
360 4201 430 4280 ipso
453 4208 554 4314 tamen
577 4201 663 4296 urbia
683 4201 814 4264 nomine
829 4199 984 4264 interdum
1007 4197 1213 4278 comprehen-
