2734 4718
530 293 900 367 --·388·-···

173 492 312 556 editione
333 491 446 552 omissa
466 493 547 549 suut.
600 485 662 548 Pro
685 482 700 546 ἰ
705 477 730 546 α’
737 482 857 562 ζουσι
885 484 918 552 iu
935 481 1094 564 Stephani
1121 479 1263 544 editione

172 598 339 662 exhibetur
368 588 562 672 ἰωνίζονσι,
595 583 771 674 quenquam
800 580 904 670 neque
933 590 972 654 oh
1002 592 1073 669 ipso
1095 608 1200 669 neque
1222 591 1261 650 ab

170 706 236 768 ullo
257 701 458 788 posterorum
480 703 637 764 editorum
666 700 847 762 adnotetum
869 703 935 774 est,
964 703 1068 758 utrum
1090 716 1129 759 eu
1155 697 1264 771 lectio,

171 832 233 893 per
264 831 298 902 se
325 831 427 892 seque
447 810 548 891 proha
575 814 670 887 etque
699 808 841 886 vulgata,
871 804 992 866 codicis
1013 805 1202 865 auctoritate
1223 821 1264 863 nn

171 921 356 1002 conjectura
376 921 502 980 uitetur.
545 917 693 978 Ceterum
708 917 801 978 etiam
822 912 907 994 apud
921 911 1129 976 Menandrum
1145 911 1186 974 de
1209 929 1264 972 en·
1361 963 1362 992 p

171 1031 282 1092 conniis
309 1049 341 1108 p.
361 1026 404 1087 80
430 1025 598 1088 Hellcnum
633 1023 786 1102 stirpibus
813 1013 999 1099 Aeoleuaae,
1029 1020 1199 1080 Dorienses
1232 1025 1265 1078 et
1361 999 1362 1068 λ

170 1137 261 1200 loucs
286 1153 390 1214 neque
417 1151 493 1195 vero
524 1133 652 1194 disertis
678 1133 787 1193 saltem
809 1131 915 1191 verbis
936 1123 1143 1191 Athenienses
1165 1127 1263 1190 adnu-

169 1247 332 1304 merentur
353 1232 393 1302 τὸ
415 1231 478 1324 μὲν
509 1243 623 1303 τοίνυν
644 1229 804 1300 Αἰολέων
832 1226 925 1300 πολὺ
951 1227 1193 1319 ἰσχυρότερον,
1221 1228 1263 1294 τὸ

171 1343 210 1410 δὲ
230 1339 402 1432 Δωριέων
424 1341 691 1430 ἀνδρικώτερον,
715 1337 755 1408 τὸ
771 1336 808 1406 δὲ
823 1337 950 1407 Ἰαίνων
966 1332 1264 1425 ε’λλογιμοίτατον.
1361 1395 1362 1412 ,

146 1545 149 1552 μ
170 1457 356 1518 Buttmanno
379 1455 515 1534 denique
531 1474 652 1518 omnem
674 1457 758 1544 hunc
773 1453 942 1534 fragmenti
956 1453 1069 1528 locum,
1085 1471 1147 1530 quo
1161 1451 1265 1512 Thes·
1361 1471 1362 1520 l

172 1565 248 1626 salia
269 1563 396 1626 Helladi
416 1562 612 1638 vindicatur,
641 1561 740 1624 multo
770 1563 997 1622 correctiorem
1026 1579 1118 1640 quarn
1139 1565 1266 1620 ceteras

172 1673 241 1754 ejus
262 1679 370 1752 partes
392 1691 463 1734 esse
483 1672 661 1734 concedens
682 1671 882 1733 nihilomiuus
903 1673 935 1732 in
949 1671 1174 1732 sententiarum
1188 1687 1266 1729 con·
1361 1647 1362 1716 λ

172 1797 254 1840 nexu
286 1765 509 1862 etprogressu
537 1782 612 1842 satis
640 1781 736 1840 multa
763 1781 890 1858 reperi,
919 1797 999 1858 quae
1027 1777 1104 1839 mihi
1132 1793 1267 1868 magnae

172 1893 245 1950 sunt
266 1876 449 1964 offensioni,¹
480 1890 525 1950 itu
545 1893 580 1950 ut
600 1888 736 1968 singulas
758 1887 884 1966 quidem
906 1889 1078 1948 sententias
1097 1887 1267 1946 concinnes
1361 1909 1362 1932 ι

174 2010 245 2054 ease
266 1994 420 2070 arbitrer,
450 1994 546 2056 foedo
567 2001 671 2055 autem
692 1993 784 2054 modo
808 2013 846 2054 ex
872 2013 926 2054 aua
947 1993 1083 2074 genuine
1102 1989 1180 2052 sede
1201 1989 1267 2050 dis-

174 2099 314 2164 turbatos
342 2119 413 2164 esse
441 2103 616 2182 conjiciam
670 2103 776 2179 Quo'
766 2101 911 2180 suprimis
940 2100 1047 2160 refero
1079 2114 1170 2161 εστιν
1202 2081 1266 2158 οὖν
1361 2127 1362 2150 ι

174 2197 372 2291 ἡῈλλοὶς
356 2227 404 2291 οφ
440 2196 606 2293 Ἕλληνος
629 2206 826 2330 οἰκισθεῖσα
852 2197 952 2282 ιιολις
972 2225 1009 2268 τε
1031 2204 1089 2270 και
1108 2225 1210 2288 χωρα
1232 2211 1268 2265 et
1361 2275 1362 2290 ρ

175 2313 281 2374 statim
302 2313 454 2394 deinceps
471 2232 654 2387 Ἑλλάς
614 2335 676 2398 μιν
700 2335 761 2377 ουν
784 2310 913 2377 ἐστι-
938 2304 1089 2399 εἰλρφεν
1101 2319 1134 2374 et
1154 2317 1268 2392 posteo
1361 2357 1362 2382 1

96 2413 97 2417 ’
174 2409 262 2508 ἡδε
283 2410 459 2493 Ελλὰς
444 2439 480 2483 ιν
512 2417 684 2504 Θετταλίᾳ
705 2429 833 2494 κεῖται,
864 2421 975 2501 quibus
1005 2420 1158 2482 medelum
1181 2439 1268 2498 quo·

157 2525 270 2617 amodo
292 2525 422 2614 efferum
442 2547 492 2588 me
514 2531 638 2590 nescire
659 2530 822 2610 profiteor.
871 2529 1001 2612 (lectum
1028 2545 1127 2608 porro
1150 2532 1199 2587 est
1218 2527 1267 2586 lo-

178 2649 249 2692 cum
270 2623 443 2713 Euripidis,
465 2654 526 2714 quo
547 2635 661 2696 Hellen
679 2637 767 2697 'lovis
791 2637 873 2697 lilius
898 2635 1038 2696 refertur
1059 2633 1268 2712 llelleuisque

178 2741 286 2820 proles
307 2742 424 2802 Aeolus
445 2761 516 2804 cum
536 2744 611 2806 filiis
632 2750 835 2832 recensetur,
864 2742 1060 2804 falsissimam
1080 2740 1189 2802 sedem
1211 2759 1269 2800 oc·

179 2863 311 2927 cupaaae
334 2845 468 2930 eumque
489 2858 563 2931 post
577 2853 672 2913 verbu
694 2854 750 2914 καὶ
773 2849 808 2912 οἱ
827 2841 965 2912 τούτων
980 2843 1106 2932 φύντες
1127 2838 1268 2928 ἔκγονοι

180 2956 485 3038 collocandumerse
503 2979 643 3039 magnum
664 2963 732 3022 veri
753 2962 892 3040 speciem
913 2960 1019 3023 habco.
1061 2957 1140 3018 Cum
1161 2933 1269 3034 alique

154 3081 307 3142 oquoque
334 3066 402 3126 veri
430 3065 632 3126 similitudine
658 3067 721 3127 loci
749 3069 872 3128 initium
903 3067 965 3126 tale
991 3064 1088 3124 fuisse
1109 3063 1270 3182 suspicari

180 3167 274 3230 licet:
297 3191 307 3230 ι
303 3162 406 3292 ppulo
424 3162 608 3265 Ελλοὶς
573 3193 613 3234 το
635 3162 790 3236 nabutha
814 3157 966 3234 ονσα-
988 3163 1179 3254 ιιόλεως,ἡ
1203 3189 1269 3230 οον

138 3364 139 3372 ¹
177 3267 357 3352 'Elldg'
343 3299 378 3342 εν
411 3259 636 3362 Θετταλίᾳ
616 3303 655 3368 pv
681 3317 721 3328 -
747 3279 889 3366 Ἀττικῇ.
913 3269 1080 3366 ’Έλληνες
1106 3268 1168 3363 μὲν
1198 3270 1268 3360 γάρ

182 3379 307 3446 εἰσι-
329 3373 460 3480 φύντες.
483 3383 502 3448 ὁ
525 3409 608 3469 yoov
629 3378 773 3476 ποιητής
796 3405 879 3474 φησι
901 3421 941 3435 -
958 3379 1068 3450 Ιλιον
1090 3366 1249 3446 ἔστιν
1206 3404 1270 3444 σον

182 3481 392 3574 ἦἙλλας
340 3509 424 3576 ςυφ
467 3483 637 3582 Ἕλληνος
666 3493 857 3594 οἰκισθεῖσα
884 3488 984 3567 ιτόλις
1012 3511 1048 3554 τε
1075 3493 1133 3554 καὶ
1154 3479 1268 3574 χώρα.

182 3511 277 3660 ²Sed
262 3619 330 3680 Jam
351 3602 382 3661 in
404 3603 442 3664 iis
465 3623 544 3683 quae
565 3610 738 3683 sequuntur
758 3588 879 3666 manum
902 3605 942 3664 de
963 3602 1076 3663 tabule.

267 3693 334 3767 ὅτι
356 3698 460 3770 ιιοτε
482 3731 539 3793 pv.
598 3713 626 3772 A
657 3710 759 3771 Gailio
791 3713 845 3790 quui
871 3712 950 3772 haec
969 3710 1073 3772 verba
1101 3707 1190 3766 uncis
1219 3704 1269 3767 in·

103 3809 111 3818 “
184 3811 275 3875 clusa
289 3813 430 3876 exhihuit
450 3818 552 3877 versio
573 3817 637 3878 loci
662 3817 762 3878 miuus
783 3823 926 3905 accurata
947 3815 1065 3874 haecce
1085 3807 1362 3892 profectura}

183 3919 265 3997 „luit
291 3923 389 4003 igitur
413 3928 537 4004 tempus
569 3943 661 4017 quum
690 3924 804 3984 Hellas
825 3923 886 3984 hoc
915 3939 1028 3982 nomeu
1055 3921 1205 3998 haberet,
1234 3921 1269 3982 iu
1361 3919 1362 3924 ’

186 4027 349 4089 Thessalia
368 4031 445 4104 sita,
472 4042 534 4090 uon
563 4031 595 4090 iu
616 4031 728 4092 Athea
730 4033 782 4064 “
779 4029 911 4092 Verbis
934 4029 1015 4088 enim
1038 4015 1095 4088 ὅτε
1116 4018 1205 4090 ποτε
1226 4004 1269 4113 ἦν

185 4150 278 4214 quum
298 4135 461 4216 eloquendo
482 4155 536 4198 cus
537 4143 633 4210 t,uret
656 4157 735 4216 quae
757 4139 825 4198 ub
817 4157 886 4218 apso
908 4136 1102 4198 Dicaearcho
1124 4133 1271 4214 profectu

188 4254 258 4301 esse
278 4241 371 4320 plane
392 4261 457 4332 non
474 4241 602 4330 dubito,
632 4245 746 4340 Hellas
760 4245 912 4327 oppidum
939 4263 1002 4308 nou
1030 4243 1070 4306 ud
1090 4243 1272 4326 posteriore
