2734 4718
549 263 918 358 *355*

190 473 223 539 lc
243 475 317 558 long
338 473 391 552 do,
412 493 475 539 non
495 483 531 537 ut
551 478 583 538 in
604 476 750 538 versione
769 475 895 558 vulgata
911 455 993 560 part
1008 473 1185 539 reddendo.
1217 474 1285 540 Sed

187 580 288 645 nihilo
308 583 410 645 minua
430 582 526 646 verba
541 583 601 646 καὶ
615 573 677 646 τὸν
691 573 850 664 Εὔριπον
870 583 1050 665 glossemati
1069 583 1183 645 cimilia
1204 583 1285 646 mibi

188 687 346 768 videntur,
369 691 488 772 quippe
509 709 527 752 a
548 689 678 752 librario
702 687 879 770 quidpillad
900 685 947 762 οἷς
967 679 1008 751 cd
1032 682 1121 750 αὐτό
1143 695 1230 752 ercet
1250 691 1286 751 iu

188 775 274 876 quod
295 797 358 859 duo
378 797 474 858 maris
493 793 595 859 durus
615 798 821 860 convenirent
841 799 1025 879 expetituro
1046 797 1085 860 ad
1106 798 1284 879 marginem

188 905 335 985 apposita
348 895 454 990 ἤγουν
471 894 531 967 τὸν
547 895 707 986 Εὔριπον
729 911 763 966 et
783 906 816 968 in
838 903 896 969 καὶ
911 897 972 968 τὸν
987 897 1148 988 Εὔριπον
1163 903 1285 966 deinde

184 1015 304 1074 mutata
332 1017 366 1074 ct
386 1012 418 1072 in
440 1015 621 1073 contextum
647 1016 780 1092 recepta
808 1007 860 1073 cl(
874 1029 954 1091 quac
976 1009 1016 1072 a'd
1036 1011 1096 1074 καὶ
1118 1005 1282 1093 ἀνδριάν-

185 1137 248 1190 τας
268 1137 366 1200 supra
386 1117 532 1182 adnotata
553 1125 633 1182 aunt
675 1117 824 1180 ceterum
857 1119 1060 1181 Buttmannua
1094 1117 1283 1181 Chalcidem

184 1225 217 1287 in
238 1219 491 1306 septentrionali*
503 1227 618 1308 Euripi
641 1229 736 1304 exitu,
757 1225 813 1289 ubi
833 1225 867 1288 id
887 1225 1005 1288 fretum
1026 1227 1282 1307 angustissimum

113 1413 115 1417 Ι
185 1338 286 1407 esset,
316 1333 407 1394 sitam
435 1333 533 1394 inisse
562 1334 789 1396 animadvertit.
849 1333 1021 1398 Meridiem
1046 1351 1157 1395 uersus
1185 1333 1280 1394 initio

183 1439 346 1519 utrimque
359 1440 454 1502 litora
474 1439 640 1518 recedere,
663 1441 779 1504 deinde
799 1441 860 1504 sibi
881 1442 996 1502 iterum
1018 1441 1280 1520 appropinquare
1358 1433 1359 1448 ³

184 1563 285 1626 eaque
306 1565 343 1608 re
361 1549 501 1628 speeiem
523 1553 637 1628 'portus
658 1551 733 1611 satia
755 1549 859 1631 magni
879 1547 1020 1610 formari.
1062 1546 1185 1608 collato
1205 1546 1279 1636 loco

181 1653 311 1717 Liuiano
324 1653 498 1731 uxiano
519 1651 724 1742 („Snlpicius
746 1661 808 1718 tam
829 1655 917 1718 facili
938 1653 978 1716 ad
997 1653 1115 1716 Oreum
1128 1669 1279 1715 succersu
1358 1711 1359 1744 o

183 1761 283 1824 elatus
311 1761 494 1824 cnaicidem
523 1763 597 1825 inde
625 1765 770 1845 protinus
797 1763 929 1826 victrice
959 1763 1058 1824 clarae
1079 1763 1171 1842 petit.
1213 1759 1278 1824 Ubi
1358 1755 1359 1798 l

182 1867 424 1950 haudquaquam
438 1869 478 1932 ad
499 1889 589 1951 spem
604 1875 734 1934 arentur
749 1870 922 1962 respondit.
951 1869 1012 1932 'Er
1031 1870 1152 1951 patenti
1165 1869 1278 1930 utrim-
1358 1921 1359 1952 ρ

101 2047 102 2052 1
182 1993 245 2057 quc
266 1985 409 2040 coactum
437 1979 470 2038 in
491 1978 647 2058 angustias
667 1995 753 2039 mare
773 1979 915 2058 speciem
940 1977 1075 2039 intuenti
1094 1977 1198 2056 primo
1220 1995 1278 2057 ge-

180 2083 257 2146 mini
285 2089 398 2164 portus
426 2084 459 2144 in
481 2101 537 2144 ora
568 2082 630 2144 duo
660 2085 744 2145 versi
765 2083 968 2164 praebuerit:
996 2073 1159 2145 red'laaud
1179 2081 1276 2144 iacile

98 2265 101 2270 Ι
182 2190 243 2252 alia
272 2189 418 2253 infestior
448 2189 540 2252 clasii
569 2190 663 2250 static
685 2195 742 2251 eat.
790 2185 868 2250 Nam
890 2196 923 2250 et
944 2190 1029 2252 venti
1050 2189 1088 2252 ab
1109 2189 1277 2269 utriusque

180 2301 288 2360 terrae
307 2299 457 2379 praealtis
469 2297 626 2361 montibus
639 2298 736 2361 subiti
757 2317 794 2360 ac
816 2299 986 2380 procellosi
1008 2283 1221 2380 se‘dejiciunt
1242 2303 1276 2358 ct

180 2405 298 2467 fretam
318 2409 422 2486 iprum
436 2406 553 2486 Euripi
573 2424 636 2466 non
658 2407 775 2486 septies
799 2403 861 2483 dic,
882 2399 975 2468 sicuti
996 2405 1079 2468 lama
1098 2405 1173 2480 lert,
1194 2410 1276 2466 tem·
1358 2403 1359 2470 i

180 2511 312 2592 poribus
333 2514 422 2574 atatis
442 2513 642 2593 reciprocat;
664 2512 721 2574 sed
743 2517 865 2574 temere
885 2513 917 2574 in
938 2511 1064 2574 modum
1084 2513 1170 2574 venti
1190 2529 1274 2575 nuno

145 2701 148 2710 y
178 2618 243 2681 buc
265 2637 346 2680 nunc
368 2617 444 2680 illuc
465 2621 669 2695 vertumni,
690 2619 775 2682 velut
795 2625 901 2682 monte
922 2621 1093 2702 praecipiti
1107 2618 1276 2682 devolutus
1358 2669 1359 2706 3

180 2729 306 2789 torrens
335 2726 470 2807 rapitur.
518 2725 565 2787 lta
592 2745 652 2788 nec
679 2733 772 2789 nocte
799 2745 858 2788 nec
880 2726 934 2789 dic
956 2729 1046 2807 quiea
1066 2727 1195 2789 navibus
1217 2725 1274 2788 da·
1358 2777 1359 2786 ,

179 2825 276 2918 tur“)
296 2833 547 2914 >septentriones
583 2829 690 2895 versus
713 2833 843 2908 ¹fretum
872 2841 1026 2897 memorat
1054 2835 1201 2898 continuo
1231 2834 1273 2898 ad

63 3011 66 3016 ,
180 2942 341 3024 octoginta
362 2940 463 3003 stadia
478 2941 603 3003 dilatari
624 2947 719 3021 atque
739 2943 862 3004 moenia
884 2943 952 3024 ejus
966 2942 1053 3005 urbis
1074 2949 1107 3003 et
1122 2939 1273 3004 occiden·

179 3051 244 3112 tem
271 3053 304 3110 et
324 3047 573 3131 septentrionem
600 3053 634 3108 et
659 3048 825 3110 meridiem
846 3065 955 3110 versus
975 3051 1054 3112 mari
1075 3049 1164 3126 allai,
1195 3047 1273 3110 alle·
1358 3053 1359 3128 l

166 3157 263 3237 potis
283 3149 454 3234 Walpole’s
474 3153 622 3214 memolrs
651 3171 691 3214 οιι
711 3158 826 3233 turney
846 3140 879 3234 p.
899 3151 972 3216 too.
994 3143 1271 3218 llodwell'trarcla

180 3493 253 3540 cum
282 3453 347 3556 qui⁸
368 3474 408 3538 ad
428 3475 590 3538 Euboeam
612 3475 789 3555 pertineret
808 3473 1014 3574 navigabilem
1035 3475 1144 3580 fuisse.
1193 3475 1271 3556 Qui-

139 3665 141 3669 ·
178 3583 238 3648 bus
266 3582 418 3664 expositis
452 3601 575 3646 seuram
602 3584 698 3645 todur
733 3583 834 3644 nartri
859 3581 923 3644 ioci
950 3583 1154 3646 lluttnrannna
1183 3583 1270 3646 bunc

180 3709 251 3754 esse
271 3691 396 3755 statuit:
418 3691 553 3770 „duam
567 3689 704 3754 Euboici
723 3692 818 3754 maris
838 3709 857 3752 ι
873 3692 1090 3772 septentrione
1103 3691 1270 3754 meridiem
1358 3703 1359 3736 l

179 3263 213 3326 in
235 3261 360 3324 (lreecc
381 3257 442 3324 acl.
459 3259 490 3322 2,
531 3257 632 3324 Ponte
654 3251 790 3342 denique
811 3261 844 3322 in
865 3260 987 3323 duobus
1008 3261 1143 3325 arcubus
1164 3263 1271 3342 posito

179 3367 298 3432 fretum
320 3387 359 3431 eo
380 3367 452 3430 loco
468 3361 613 3450 junctum
634 3369 728 3447 atque
748 3366 904 3446 Euripum
924 3385 984 3449 per
1005 3385 1076 3430 eum
1097 3367 1199 3432 salum
1220 3388 1272 3432 ar·
1358 3369 1359 3374 ’

104 3857 108 3864 .
178 3815 288 3862 versus
308 3799 390 3862 terri
409 3799 580 3863 secundam
601 3799 752 3864 Boeotiae
773 3805 806 3862 et
826 3798 976 3862 Euboeae
996 3817 1084 3874 oras;
1105 3798 1146 3860 ad
1166 3799 1292 3864 Boeo·

40 3955 43 3960 .
178 3907 244 3970 tiae
270 3911 373 3968 autem
395 3905 580 3988 Salganaurn
608 3906 656 3969 ric
683 3910 819 3988 repente
844 3903 930 3970 illam
956 3904 1154 3968 latitudinem
1173 3905 1272 3987 longe

179 4013 395 4094 prestantibus
414 4015 572 4094 utrimque
587 4014 654 4078 cris
671 4014 779 4090 minui,
799 4017 835 4076 ut
847 4012 949 4076 tiaras
969 4011 1024 4076 ilie
1039 4011 1272 4092 quodammodo
1358 4011 1359 4034 l

179 4121 213 4184 in
242 4119 318 4183 duas
345 4121 636 4184 ribi·occurrentes
663 4127 771 4202 parter
800 4120 1005 4185 discindatur.
1062 4119 1121 4182 llis
1149 4119 1273 4183 duabus
1358 4153 1359 4156 π

97 4297 99 4306 ¹
181 4227 282 4306 igitar
307 4228 449 4309 partibus
476 4228 509 4290 in
537 4227 670 4290 eandem
702 4229 806 4293 locum
833 4247 868 4294 se
906 4227 1146 4311 conjicientibus
1174 4225 1272 4292 unum
1358 4303 1359 4312 ρ
