2734 4718
358 264 364 274 ’
449 330 546 344 ----
596 297 818 374 oar-w·-

90 491 238 572 inprlmls
257 487 314 572 suit
334 491 438 569 linem,
459 508 495 554 se
515 508 611 574 saepe
632 493 754 574 excipit
773 485 856 564 εἶτα.
899 494 1018 560 Versus
1030 491 1071 557 51
1093 494 1178 576 nullo
1247 491 1248 494 ’

88 597 185 662 modo
207 601 459 682 comprobandus
480 607 545 678 est,
574 621 631 664 seu
659 595 807 690 ἐχομένη
829 621 900 664 cum
921 598 1060 690 λιμένας
1080 609 1180 684 τρεῖς,

88 715 126 770 ut
146 710 349 772 Buttmanuus
369 709 488 784 voluit,
514 727 606 770 sensu
636 711 796 770 continens
823 716 861 782 et¹
885 711 955 772 fere
977 711 1086 772 eadem
1108 727 1179 772 cnm

90 807 223 896 ἔχουσα
252 818 480 898 significatione
496 817 622 898 jungis,
648 835 705 878 seu
733 837 804 878 cum
825 819 947 880 Marulo
968 839 1028 900 per
1049 839 1084 880 sc
1105 838 1182 890 oon-

90 924 214 986 sideras
236 931 269 986 el
289 945 349 1005 per
370 928 493 1009 offimir,
515 927 660 1008 contiguo
680 925 844 1006 explicas..
870 927 924 989 Va.
945 927 997 988 53.
1020 916 1110 1010 πρὸς
1130 925 1193 1006 τῷ·

90 1024 205 1114 πέραν
231 1051 293 1094 non
314 1052 505 1114 magnopere
525 1033 684 1112 placuerit
705 1051 766 1112 pro
787 1034 924 1114 simplici
952 1027 1063 1115 πέραν
1092 1053 1183 1094 usur·

91 1147 211 1220 patum.
252 1140 306 1205 Vs.
332 1141 384 1202 62.
416 1133 542 1226 ταύτης
570 1161 631 1202 non
659 1142 734 1202 satia
766 1141 930 1202 commode
956 1141 993 1202 ad
1025 1136 1180 1202 Αἰτωλία

90 1247 267 1322 referetur,
288 1249 409 1327 qnippe
432 1248 515 1326 quod
536 1248 719 1310 vocabulum
735 1251 802 1331 jum
823 1268 867 1312 vs.
888 1249 939 1310 ὗν.
961 1267 1182 1315 commemora-

91 1359 159 1418 tum
179 1355 287 1418 luerit.
329 1355 385 1418 Va·
405 1355 456 1417 78.
487 1347 648 1438 Κηφισὸς
678 1346 790 1439 ὁρίων
821 1351 857 1420 ἐκ
891 1355 1052 1432 Φωκίδος
1081 1378 1181 1438 acque
1309 1421 1311 1434 ,

93 1464 207 1524 malum
228 1467 278 1524 est
298 1467 392 1542 atque
418 1464 505 1544 ¹qumi
527 1471 697 1546 excerptor
724 1483 837 1531 revera
859 1465 1037 1528 exhibuisse
1058 1466 1185 1528 videtur

93 1559 257 1654 Κηφισὸς
278 1567 299 1630 ὁ
322 1564 413 1653 ῥέων
435 1565 471 1633 ἑκ
503 1567 682 1648 Φωκίδος,
716 1592 810 1652 quum
839 1573 964 1634 articuli
991 1575 1073 1644 ratio
1102 1573 1185 1634 nulla

92 1678 306 1758 intelligetur,
339 1661 485 1756 quoniam
506 1678 679 1760 Cephissus
708 1681 746 1742 cb
776 1681 837 1740 alio
866 1681 1051 1761 cognomine
1078 1680 1184 1754 fluvio,

91 1787 192 1848 veluti
212 1805 231 1848 a
250 1789 319 1869 rivo
339 1805 443 1866 prope
459 1787 596 1872 Athenas
608 1787 737 1866 fluente,
758 1787 983 1850 discernendus
1003 1788 1101 1850 fuisse
1122 1807 1183 1850 ιιοιι

92 1895 231 1958 vitietur.
272 1894 327 1959 Vs.
347 1893 399 1955 84.
431 1884 472 1956 τὸ
498 1887 561 1982 μέν
589 1895 707 1976 legitur
737 1901 770 1957 et
791 1896 906 1958 deinde
927 1897 995 1958 sine
1023 1895 1063 1958 δέ
1085 1897 1185 1975 parti-

93 2003 167 2066 cula
195 1991 323 2086 ἕτερον.
373 2002 428 2066 Vs.
448 2003 500 2066 92.
528 2005 653 2085 ineptus
682 2023 751 2066 esre
779 2006 881 2086 primo
911 2005 1021 2066 obtutu
1054 2009 1191 2084 npparet·

91 2099 275 2198 Ἀνθηδών
305 2101 376 2188 ἔχει
400 2104 626 2198 alcysono»
654 2101 729 2188 rainv
745 2102 880 2195 λιμένα.
935 2111 989 2174 Vr.
1016 2110 1074 2171 oo..
1096 2100 1187 2194 μετὰ

94 2203 160 2292 δύο
190 2239 250 2300 pro
277 2207 364 2308 μετὰ
393 2211 457 2278 διίο
494 2216 660 2292 σταδίους
690 2237 870 2299 quanquam.
896 2219 1059 2299 displicet,
1091 2201 1198 2303 quum

95 2319 234 2390 στάδιοι
261 2345 374 2388 nomen
404 2325 570 2386 remotiori
599 2330 718 2387 tantum
740 2327 811 2404 loca
832 2326 989 2406 prolatum
1008 2325 1117 2402 fuerit,
1137 2330 1187 2386 to·

94 2435 195 2499 lerari
221 2440 324 2496 tamen
352 2437 386 2494 et
413 2433 482 2497 aliis
509 2433 762 2514 geographorum
790 2433 871 2494 locis
899 2433 1042 2494 excusari
1066 2437 1197 2512 potest„

95 2541 152 2604 Vs.
174 2542 236 2603 loo
257 2531 437 2606 ὑπόκειται
456 2540 606 2606 Θισπιαί
624 2541 915 2622 ιιοιιῗριοίιοίνῖιιιιιε,
937 2558 1111 2620 quanquam
1133 2543 1195 2616 aut!

94 2663 176 2712 racc
197 2643 300 2725 πόλις
312 2649 533 2715 subintellecta
554 2649 715 2730 explicare
735 2653 788 2709 aut
806 2647 955 2728 facillimn
969 2645 1186 2714 emendatione
1256 2663 1259 2672 ¹

94 2757 130 2828 in
156 2746 358 2845 ὑπόκεινται
390 2759 543 2826 Θεσπιαὶ
567 2762 734 2836 immutare
758 2773 930 2838 possamus.
981 2753 1036 2818 Vs.
1059 2752 1121 2836 1⁰5
1140 2771 1189 2832 sp.

97 2867 201 2946 qualis
220 2867 338 2949 legitur
358 2870 525 2937 verborum
547 2869 728 2952 conjunctio
745 2851 919 2942 Ἀσωπόν,
940 2857 1035 2926 Πιδί’
1057 2853 1187 2944 οὖνὸρα

96 2976 357 3056 παρακείμεναί
405 2979 512 3056 Qualis
542 2995 641 3058 porro
670 2977 725 3040 irio
755 2975 979 3052 sententiarum
1008 2970 1190 3050 complexus

95 3097 142 3142 rs.
157 3081 219 3142 130
232 3101 302 3163 sqq.
325 3073 414 3166 πρὸς
429 3074 469 3146 δὲ
486 3073 547 3170 τήν
561 3080 779 3172 μεσημβρίαν
801 3073 919 3156 Orione
934 3073 969 3144 ὲν
984 3071 1122 3157 Εὐβοίᾳ
1137 3070 1189 3161 ¹⁴)

95 3223 139 3238 -
162 3181 211 3250 ίτι
233 3179 274 3250 δὲ
296 3191 357 3252 καὶ
377 3185 443 3276 Τῆς
461 3187 614 3276 Ἀττικῆς
635 3182 755 3275 χώρας
767 3177 986 3279 μετεχούσαςΙ
999 3179 1190 3266 παντελῶς.
1278 3183 1281 3190 ’

96 3297 154 3360 Vs.
177 3303 279 3358 autem
309 3297 369 3358 ill
397 3315 444 3378 sq.
474 3289 546 3360 ἑστι
574 3296 608 3358 δ’
641 3296 748 3382 αὐτῆς
775 3286 819 3358 τὸ
842 3283 998 3378 μέγεθος
1027 3284 1191 3371 Διοχίλια

97 3406 157 3468 καί
178 3397 391 3478 πεντακόσιοί
412 3421 483 3468 που
507 3395 630 3484 σχεδὸν
652 3401 814 3474 Σταδίων
837 3407 870 3464 et
890 3421 932 3465 rs
955 3399 1025 3461 llo.
1047 3401 1134 3482 φασί
1156 3391 1198 3467 δ’,

98 3509 136 3574 ἑν
158 3505 280 3598 Κρήτῃ
301 3505 403 3586 πόλιν
427 3502 530 3575 Εἶναι
555 3505 799 3594 Φαλάσαρνα,
830 3511 856 3572 si
884 3507 1195 3602 'quaeritis-plepem„

98 3628 136 3684 ut
156 3623 259 3702 priori
286 3622 358 3686 loeo
386 3621 590 3684 dubitandum
619 3640 681 3683 non
710 3639 781 3685 esse
797 3618 950 3694 uidetur,
967 3636 1026 3694 ¹arn⁸
1045 3621 1196 3697 ruptura

99 3714 223 3792 auctori
246 3750 338 3810 quam
358 3731 496 3810 librariis
518 3729 630 3801 deberi
651 3727 852 3816 crediderim.
937 3765 969 3776 ..
1067 3765 1088 3804 μ
1206 3733 1207 3736 ’

184 3838 344 3899 Permulta
370 3837 505 3910 vidimus
537 3836 575 3901 ab
605 3840 735 3906 σινοίατο
758 3835 868 3910 ⁴nestri·
889 3833 1061 3912 «fragmenti
1083 3835 1197 3910 contre

100 3951 220 4020 rectam
243 3945 371 4011 dicendi
401 3948 553 4008 rationem
577 3947 750 4006 commissa·
768 3945 800 4018 in
821 3945 924 4022 iisque
954 3940 1099 4005 nonnulla
1120 3948 1197 4018 esse,

102 4075 183 4134 qnae
205 4056 298 4115 metri
320 4055 508 4116 necessitate
530 4053 736 4114 ellectaflesse
752 4049 965 4114 existimanda
986 4035 1073 4121 sunt,
1107 4043 1191 4124 quod
1295 4100 1296 4104 ,

102 4180 141 4220 co
163 4162 262 4241 magis
282 4163 412 4236 mirum,
441 4179 504 4239 quo
527 4145 661 4238 nequior
688 4163 773 4218 totns
793 4157 961 4238 fragmenti
982 4155 1106 4232 imbitur
1128 4168 1193 4210 me·

100 4270 199 4330 tricus
229 4273 337 4330 exstat.
384 4265 454 4331 Nisi
481 4284 672 4348 magnopere
699 4265 811 4342 fallor,
842 4263 916 4327 illuc
943 4263 1037 4328 etiam
1065 4249 1192 4335 ἱκανῶς
