2734 4718
445 292 542 306 --
592 256 662 334 ιιι

85 452 224 514 nuntiari
244 457 346 527 rotet,
374 449 424 514 bis
451 451 554 514 verbis
585 457 737 532 pergatur
768 449 931 514 transitum
962 447 1174 514 efficientibus

87 548 178 644 πλὴν
200 555 257 620 ἐπὶ
277 547 323 640 τοὶΙ
345 549 456 620 λοιπὰ
486 559 549 620 τοῦ
569 553 674 640 λόγου
697 552 932 645 προβήσομαι.
982 559 1081 636 Quem
1104 575 1173 620 vcr-

86 689 166 747 snm,
186 680 221 733 ut
241 671 347 734 obiter
360 689 512 748 moneam,
526 671 647 734 (isitius
667 670 832 732 falsissimo
852 669 1008 732 intellexit
1018 671 1064 730 ita
1077 670 1176 730 iuter·
1204 733 1209 744 ⁸

86 765 244 860 pretatusi
275 786 437 856 „ceterum
458 779 497 839 ad
519 780 674 858 reliquam
694 779 789 860 hujus
808 779 959 840 orationis
980 783 1102 856 partem
1123 795 1176 838 re·

85 891 213 947 vertar“
241 887 374 968 ejusque
403 889 550 967 promissi
579 886 673 946 fidem
703 887 834 947 solutam
856 863 926 947 esse
946 884 1114 946 arbitratus
1136 901 1175 944 eo

85 995 255 1076 fragmenti
285 997 423 1076 prosaici
450 996 539 1068 loco,
569 996 623 1056 nbi
651 989 690 1055 de
720 993 863 1056 Helladis
893 994 1034 1056 terminia
1055 991 1176 1058 ¹itidcur

87 1105 266 1183 exponitur.
317 1104 415 1180 Quom
437 1113 547 1166 contra
568 1103 809 1183 explicationem
830 1121 870 1192 ue
891 1103 970 1178 alia,
989 1101 1071 1162 siout
1092 1098 1177 1178 quod

86 1215 267 1291 prosaicum
305 1218 339 1272 et
369 1214 529 1293 poiticum
556 1183 763 1293 fragmentum
791 1212 875 1274 nullo
908 1211 1004 1292 plana
1034 1223 1177 1270 connexu

85 1319 173 1378 inter
193 1337 228 1378 se
249 1321 403 1380 contineri
426 1327 592 1400 apparent,
613 1313 767 1408 hocloco
781 1337 932 1395 moneam,
951 1317 984 1380 id
1007 1337 1100 1378 unum
1122 1315 1178 1376 ad·

86 1425 212 1485 notasse
234 1425 415 1506 suffecerit,
448 1425 532 1505 quod
554 1423 738 1506 προβαίνω
761 1427 858 1488 verbo
879 1413 1060 1510 nentiquam
1080 1423 1177 1504 signi-

87 1531 178 1592 licnri
198 1533 340 1610 potuerit
356 1519 483 1594 reuerti.
525 1534 595 1611 Quo
618 1551 715 1614 porro
738 1533 830 1594 ruodo
853 1532 893 1593 de
914 1532 1103 1613 gravissimis
1124 1549 1178 1592 ur·

89 1637 189 1712 bibus,
210 1641 376 1716 montibus,
396 1641 511 1716 fluviis,
532 1641 641 1702 insulis
662 1649 695 1701 et
709 1643 833 1702 omnino
847 1641 943 1702 rebus
955 1638 1179 1721 geographicis

88 1746 281 1808 disseritur?
324 1747 394 1808 Non
414 1749 515 1808 minus
536 1735 681 1820 contuse,
712 1767 802 1827 quom
823 1750 968 1810 strictim.
1013 1747 1100 1808 Nibil
1123 1745 1178 1807 do·

87 1855 253 1930 scribitur,
274 1856 352 1916 nihil
373 1873 479 1916 rerum
495 1857 747 1917 'memorabilium
767 1855 950 1930 adnotatur;
971 1855 1114 1926 numeris
1129 1855 1177 1915 in·

87 1961 234 2022 dicautur
263 1963 405 2023 locorum
430 1965 514 2024 luter
535 1981 570 2024 se
591 1963 757 2024 distantiae
784 1963 980 2042 ambitusque
1002 1963 1178 2042 provincia·

87 2088 172 2144 rum,
190 2076 286 2147 atque
307 2070 360 2130 bio
381 2071 447 2131 illic
469 2077 597 2150 praeter
618 2073 742 2131 nomina
763 2070 886 2132 urbium
907 2071 1030 2132 nomina
1051 2086 1178 2130 eorume-

87 2185 198 2246 rautur
211 2178 343 2259 nlicuq'us
355 2179 478 2254 montis,
500 2179 597 2253 duvii,
617 2185 738 2258 portus,
758 2177 878 2258 templi.
919 2177 1064 2241 Omnium
1079 2179 1179 2240 instar

89 2304 169 2346 nnrrs
190 2285 278 2346 locus
299 2287 353 2348 ubi
376 2286 419 2348 dc
437 2285 582 2349 Lebadea
604 2296 637 2348 et
659 2287 835 2367 Trophonii
856 2288 984 2350 oraculo
1005 2306 1108 2348 sermo
1130 2293 1179 2347 est

84 2397 152 2475 jam
173 2393 324 2454 sufficere
346 2402 464 2474 posset.
507 2397 626 2457 Auctor
647 2415 690 2456 vs.
710 2395 752 2457 tl?
773 2415 819 2475 sq.
842 2395 921 2457 dicit
941 2389 1044 2470 πόλις
1062 2391 1177 2468 Aedos·
1201 2381 1206 2402 Χ

89 2500 148 2563 δία
177 2499 235 2563 καὶ
255 2492 349 2591 ἱερὸν
377 2497 601 2585 Τροφωνίου,
623 2491 737 2564 ‘'Onoo
771 2493 811 2563 ιδ
842 2507 1021 2598 μοιιιιεῑοιιι
1039 2493 1177 2582 λέγουσι

89 2598 278 2691 γεγονέναι.
320 2609 459 2672 Haecce·
470 2607 713 2684 Dicaearchum,
740 2627 832 2688 quem
855 2629 893 2669 eo
914 2607 955 2670 de
977 2610 1104 2671 oraculo
1125 2627 1177 2670 ac·

90 2719 229 2779 curatius
251 2717 353 2798 egisse
374 2735 469 2798 supra
490 2717 642 2792 vidimus,
672 2716 821 2796 proferre
841 2715 932 2796 plane
949 2735 1014 2778 *nou
1038 2718 1178 2801 potuisse

84 2825 152 2906 jam
175 2826 429 2893 Hemsterbusius
449 2825 488 2886 ad
511 2805 586 2886 Luc.
607 2825 648 2886 lll
670 2833 692 2884 t.
713 2825 736 2900 l,
758 2843 790 2904 p.
810 2823 874 2885 uolt
897 2823 1055 2886 adnotavit
1076 2840 1177 2904 eaque

90 2935 122 2993 in
152 2934 307 2994 sententia
327 2934 467 2996 nimina
496 2935 526 2994 ei
557 2933 671 2994 merito
698 2929 907 3012 adstipulatus
928 2937 985 2993 est
1027 2931 1061 2994 Si
1082 2950 1176 3013 γεγο·

91 3029 187 3102 νὲναι
208 3041 375 3120 praeteriti
394 3041 623 3120 signillcatioue
643 3041 848 3119 interpretari
870 3039 1023 3120 placeret,
1044 3055 1177 3119 excerp·

89 3155 193 3210 turem
220 3149 450 3231 conjiceremus
478 3149 557 3210 baec
586 3148 743 3210 elocutum
775 3167 844 3210 esse
874 3149 997 3209 ratione
1023 3165 1078 3208 sno
1101 3164 1177 3214 aevo

91 3272 249 3336 congrua,
281 3273 344 3336 quo
371 3273 448 3316 aevo
469 3255 645 3335 'l'roplronll
675 3255 834 3316 oraculum
856 3273 917 3316 non
942 3255 1016 3336 jam
1031 3259 1178 3318 exstaret.

91 3363 193 3442 Simili
214 3363 308 3425 modo
328 3363 451 3442 reliqna
477 3361 548 3424 lere
570 3364 671 3423 omnia
693 3342 755 3443 per
775 3363 974 3444 anagrapben
996 3381 1031 3423 se
1047 3363 1177 3437 babent,

92 3472 133 3532 do
155 3471 261 3532 verbis
287 3483 321 3532 et
350 3472 525 3533 nominibus
553 3472 663 3532 dicere
689 3472 783 3546 licet,
819 3489 879 3531 non
917 3471 994 3534 licet
1030 3469 1070 3532 de
1106 3489 1177 3532 seu·

91 3577 328 3654 tenuissimis,
363 3577 477 3638 nodum
515 3578 556 3638 de
585 3579 749 3639 sententiis
779 3576 1017 3657 pbilosopbicls.
1079 3577 1177 3656 Atqui
1258 3577 1260 3582 '

92 3685 295 3746 lluttmannus
314 3686 504 3764 scriptorem
524 3683 644 3746 monuit
663 3687 697 3778 ip
717 3685 937 3765 prooemiare
957 3683 1177 3764 pbilosopbica

92 3798 197 3852 mente
224 3793 374 3854 imbutum
403 3792 589 3853 declarasse.
636 3791 742 3852 lnsuut
770 3792 803 3852 in
833 3791 997 3870 prooemio
1024 3789 1179 3870 quaedam

93 3899 334 3978 philosophica,
355 3899 411 3959 aed
433 3899 512 3960 haec
534 3918 594 3962 non
617 3901 648 3960 in
670 3898 911 3979 cogitationibus
931 3897 1117 3978 spectanda,
1142 3898 1175 3960 in

93 4009 198 4070 verbis
219 4009 325 4088 potius
346 4009 500 4069 nonnullis
528 4015 561 4068 et
588 4007 714 4068 dicendi
737 4006 910 4068 rationibus
931 4025 969 4066 ex
992 4006 1174 4068 Dicaearchi

94 4133 193 4195 opere
213 4117 349 4196 genuino
370 4114 504 4176 tortasse
525 4115 690 4194 surreptis.
735 4115 804 4184 'Soa
831 4112 891 4176 sibi
913 4112 1028 4174 deiude
1048 4113 1174 4192 penitus

93 4223 260 4304 singularia
274 4230 383 4285 auctor
403 4221 498 4284 babet
513 4223 637 4284 nomina
649 4220 873 4308 geographica,
894 4237 975 4299 quaa
995 4225 1172 4283 ceterorum
