2728 4720
487 300 858 380 wli93--2

127 493 192 564 lite
217 492 401 580 provineise
431 497 607 578 emigrent
656 495 750 560 Unde
774 495 946 562 sterilius
975 495 1094 574 omns,
1125 515 1218 580 qum

127 607 198 670 nx·
219 625 311 670 sensu
343 605 497 688 ejusmodi
517 605 789 686 computationes,
818 604 926 686 quoles
955 605 1019 668 diei
1040 612 1074 668 et
1095 605 1218 672 dierum

127 715 259 791 itinere,
279 713 503 794 intelligendae
523 715 602 787 sint,
622 713 655 775 iu
676 713 854 775 uuiversum
869 711 996 792 quidem
1017 713 1095 776 iliud
1115 715 1218 779 linen-

127 822 247 884 tissime
276 820 438 898 concedo,
476 819 534 884 sed
563 819 648 900 quod
676 819 716 882 sd
746 824 870 883 nostros
898 819 986 883 looos
1015 821 1219 886 considerare

122 926 234 1008 jubeo,
256 947 347 1007 quem
361 928 483 1008 exiguo,
504 928 691 1008 praesertim
706 932 860 1008 quatenns
873 927 953 988 meri
971 928 1118 1008 contigue
1138 935 1218 1008 eret,

127 1035 254 1099 Aetolis
273 1037 327 1098 ilis
347 1029 529 1123 ἐπίκτητος
549 1036 657 1098 inerit.
727 1055 735 1074 ·

210 1161 253 1218 vs
273 1143 325 1206 ⁰5.
345 1143 438 1224 Quod
450 1141 642 1225 Naupactus,
664 1143 747 1225 quoti
769 1143 922 1226 oppidum
942 1148 1052 1206 nostro
1072 1147 1218 1225 tempore

127 1270 147 1315 ι
167 1251 301 1315 (irueois
322 1252 509 1333 plerumque
530 1252 706 1343 Nemetes,
726 1253 829 1314 rurius
848 1251 990 1332 Leponto
1012 1256 1045 1312 et
1065 1269 1084 1312 o
1103 1252 1218 1316 Turois

126 1359 314 1422 liiuebeohte
334 1361 487 1424 nominari
513 1360 656 1422 refertur
676 1359 718 1422 oi.
739 1359 847 1422 Dodw.
868 1359 899 1436 1,
920 1379 953 1441 p.
976 1359 1050 1439 lto,
1070 1380 1089 1424 α
1109 1366 1218 1425 nostro

126 1467 286 1547 scriptore
312 1468 442 1532 Locridi
468 1487 572 1548 neque
601 1486 678 1530 vero
699 1468 843 1530 Aetoliae
872 1467 1023 1528 attributo
1049 1472 1115 1545 est,
1141 1468 1219 1531 indo

126 1573 206 1636 nihil
227 1574 312 1638 uliud
338 1561 491 1656 colligere
511 1574 640 1638 licuerit
662 1593 754 1654 quom
774 1576 808 1636 in
829 1593 867 1636 eo
889 1593 1008 1656 opere,
1037 1575 1126 1658 eujus
1147 1575 1219 1658 epi·

127 1687 211 1744 tome
233 1683 340 1745 existit
353 1683 544 1765 nnogrsphe,
564 1683 777 1762 antiquiorum
798 1683 905 1762 potius
925 1684 1103 1762 temporum
1125 1700 1219 1762 quem

126 1789 340 1869 posteriorum
367 1793 522 1853 ustionem
548 1790 686 1851 hobitum
713 1788 813 1850 fuisse
844 1787 886 1850 oi.
908 1787 1008 1850 Thoe·
1030 1787 1153 1864 1‚1ot.
1183 1783 1219 1864 ές

127 1890 349 1962 Ναύπακτον
371 1887 590 1978 κατῴκισαν,
611 1887 651 1984 ἢν
674 1887 795 1980 έτνχον
818 1887 978 1984 ᾑρηκότες
1000 1896 1126 1959 νεωστὶ
1146 1894 1218 1960 Λα·

125 2003 222 2087 κρῶν
244 2003 315 2068 τῶν
333 1998 489 2084 Ὀζολῶν
510 1997 676 2085 ἑχόντων.
717 2005 821 2072 Strsb.
834 2005 888 2083 lx,
907 2005 982 2066 42&
1001 2004 1071 2068 τῶν
1091 2022 1129 2088 γε
1149 1995 1219 2092 μὴν

127 2106 298 2195 ἑσπερίων
319 2111 471 2196 Λοκρῶν
486 2099 640 2197 Ὅμηρος
661 2106 703 2172 οὔ
722 2105 896 2198 μέμνηται
918 2100 938 2197 ἢ
962 2107 1003 2174 οὐ
1025 2109 1140 2197 ῥητῶς
1160 2131 1217 2196 γε·

126 2209 222 2280 ἀλλὰ
247 2205 357 2307 μόνον
379 2223 430 2300 τῷ
450 2217 566 2282 δοκεῖν
595 2205 943 2282 ἀντιδιαστέλλισθαι
968 2210 1107 2296 τούτοις
1135 2217 1218 2284 ἑκεί-

127 2339 227 2400 νοος,
263 2321 344 2407 περὶ
374 2307 424 2388 ῶν
455 2316 639 2410 εἰρήκαμεν
668 2317 838 2408 Λοκρῶν,
878 2321 916 2389 oi'
943 2323 1078 2392 οἰκοῦσι
1107 2317 1218 2418 πέρην

115 2425 219 2514 ιὶερῆς
241 2423 409 2518 Εὐβοίης,
439 2429 489 2508 ῶς
509 2435 567 2496 καὶ
589 2424 718 2517 έτέρανν
741 2425 864 2500 όντων.
899 2429 1018 2510 πόλεις
1047 2433 1082 2499 δ’
1113 2427 1216 2520 έσχον

121 2527 319 2624 ’Λμφισσιέν
347 2556 384 2600 τε
412 2537 470 2605 καὶ
502 2528 739 2605 Ναόπακτον·
774 2521 825 2604 ῶν
851 2537 872 2628 ἡ
900 2537 1115 2620 Ναύπακτος
1137 2560 1218 2632 σαμ-

126 2638 222 2730 μένει
247 2646 312 2708 τοῦ
339 2643 531 2732 Ἀντιρρίσυ
567 2641 731 2732 πλησίον,
761 2639 963 2733 ὠνόμασται
994 2646 1025 2712 δ’
1055 2643 1130 2734 ἀπὸ
1157 2652 1219 2741 τῆς
1280 2654 1285 2669 “

126 2756 322 2839 ναυπηγίας
356 2759 415 2836 τῆς
446 2749 521 2815 ἐκεῖ
552 2744 756 2836 γενομένης·
791 2745 857 2818 εἴτε
887 2762 958 2820 τῶν
984 2753 1218 2843 Ἡρακλειδῶν

126 2851 536 2945 ἑκεῑνανπηγησαμένῳν
552 2848 614 2921 τόν
630 2852 767 2936 στόλον,
790 2849 855 2924 εἴθ’
878 2851 925 2937 ῶς
944 2882 1048 2951 φησιν
1064 2859 1219 2951 »Ἔφορος

126 2967 284 3052 Λοκρῶν
309 2957 359 3030 iu
391 2959 566 3051 πρότερον
598 2956 958 3035 κατασκευασάντων·
985 2963 1060 3036 ἔστι
1084 2963 1125 3038 δέ
1155 2973 1218 3039 νῦν

126 3069 316 3146 Αἰτωλῶν,
341 3068 518 3136 Φιλίππου
540 3071 828 3158 προσκρίναντος.

209 3199 254 3242 τι.
274 3180 326 3242 oo.
352 3169 475 3266 λιμὴν
502 3173 630 3268 μέγας
659 3185 692 3244 iu
713 3186 858 3248 versione
879 3187 964 3268 opud
986 3187 1122 3251 (initium
1141 3189 1218 3254 red·

126 3287 211 3350 ditus
242 3294 292 3350 est
319 3285 436 3350 Portus
461 3286 618 3370 Magnus,
656 3293 744 3369 queri
781 3294 836 3372 qui
870 3296 924 3358 hio
958 3304 1218 3362 commemoratus

129 3401 178 3458 est
206 3398 317 3476 portus
347 3391 425 3455 iilud
455 3411 567 3456 nomen
597 3399 710 3475 utpote
740 3401 907 3481 proprium
935 3401 1098 3480 hebuerit,
1128 3405 1219 3488 cujus
1273 3407 1276 3418 '

126 3505 177 3566 rei
203 3503 321 3566 nullum
349 3501 424 3564 olibi
453 3504 636 3584 reperietur
662 3504 822 3569 indicium.
870 3510 1052 3578 Holstenius
1074 3513 1114 3574 ad
1136 3515 1219 3578 cho.

83 3681 87 3689 .
125 3612 218 3674 loeon
239 3615 384 3692 portum,
415 3610 504 3692 cujus
524 3610 644 3672 Plinius
663 3612 695 3672 h.
718 3632 747 3674 n.
768 3613 829 3692 IV,
856 3614 887 3676 8.
915 3619 1103 3682 mentionem
1129 3621 1219 3700 feeit,

127 3724 234 3781 nostre
255 3717 350 3778 verbs
370 3717 497 3791 retulit3
527 3715 611 3797 qnod
633 3737 808 3798 quenquam
835 3723 982 3804 equidem
1003 3746 1065 3789 non
1087 3747 1219 3811 prorsus

124 3825 257 3908 rejicio,
278 3822 319 3884 de
340 3823 536 3904 Tolophonis
556 3823 658 3904 ipsius
678 3832 773 3904 portu
795 3830 936 3910 cogitare
957 3831 1078 3908 malim,
1105 3834 1150 3896 ite
1170 3835 1218 3898 ni-

127 3933 241 3994 mirum
262 3935 298 3993 nt
318 3936 352 3993 et
371 3919 473 4018 λιμὴν
492 3919 599 4018 μέγας
614 3936 647 3992 et
665 3919 768 4008 πόλις
789 3936 872 3998 inter
892 3957 926 4001 se
947 3941 1122 4002 erotissime
1143 3960 1218 4006 οοιι-

122 4035 284 4119 jungende
311 4035 352 4098 nd
386 4025 559 4121 Τολοφῶν
591 4055 703 4100 nomen
732 4041 921 4120 pertineant.
970 4046 1015 4108 its
1043 4048 1125 4110 enim
1155 4067 1218 4129 pro
1317 4041 1320 4049 ¹

125 4142 251 4224 vulgate
272 4141 417 4204 codicum
437 4142 575 4205 lectione
598 4135 796 4227 Κολοφῶν,
817 4135 899 4211 siout
920 4151 1002 4212 infru
1022 4155 1126 4217 stetim
1152 4150 1218 4220 Το·

126 4241 279 4333 λοφῶνα
300 4267 361 4332 pro
375 4243 586 4334 Κολοφῶνα
605 4252 846 4320 rescribendum
866 4274 937 4320 esse
957 4265 991 4322 et
1011 4263 1112 4327 nostri
1130 4263 1217 4348 irog-
