2720 4724
459 263 830 347 ...m-.-

83 433 86 438 Ι
196 453 362 527 Βοιωτόν
383 454 499 548 ἀνδρα
520 451 661 549 στίργε,
680 481 744 551 την
762 454 943 528 Βοιωτίαν
1024 457 1027 464 ’
1156 525 1170 537 ..

197 560 247 657 εἰ
269 564 387 658 νεῖτ’·
409 568 430 634 ὁ
451 559 516 654 μὲν
535 558 602 654 κᾶε
623 557 836 658 ιευστίς,ό
859 565 896 632 δ’
917 563 1113 657 ἐτίνοιαν

103 672 259 742 ἐντεῦθεν
280 673 329 754 εἰς
347 667 546 766 Ἀνθηδόνα
559 666 696 740 ’στάδια
718 666 787 762 ρξ’·
816 666 903 753 ὁδός
923 669 1078 761 πλαγία,
1099 671 1191 767 ἀμα-
1323 701 1324 708 “

101 776 250 875 ξηλατος
278 780 329 852 δι’
361 781 481 871 ἀγροίν
506 787 646 870 πορεία.
676 780 698 872 ἡ
729 775 770 848 δλ
797 776 901 860 πόλίς
928 781 970 848 ού
989 773 1119 874 μεγάλη
1139 777 1193 866 τῷ

7 889 8 894 ’
100 883 255 986 μεγέθει·
268 886 326 959 ἔπ’
350 889 458 984 αὐτῆς
479 893 541 979 τῆς
562 887 740 980 Εύβοίκῆς
760 881 896 982 κειμένη
917 881 1110 981 θαλάττης·
1130 883 1192 981 τὴν
1300 941 1301 948 1

102 991 161 1090 μίν·
182 990 321 1084 ἀγοράν.
346 989 478 1084 ἔχουσα
504 991 751 1084 κατάδενδρον
778 1000 918 1079 πᾶσαν,
956 1007 1077 1076 στοαῖς
1101 995 1193 1074 ,όνειο

102 1101 272 1198 λημμόνην
294 1108 434 1184 διτταῖς.
456 1099 544 1197 αὕτη
566 1099 604 1171 δί
626 1103 777 1190 εύοινος,
800 1101 945 1192 εὔοψος,
968 1113 1050 1192 σίτῳ
1073 1109 1193 1174 σπανί-

104 1209 213 1294 ζουσα
240 1205 299 1280 διοὶ
326 1206 368 1280 τό
389 1206 452 1303 τόν
472 1205 595 1302 γοίραν
618 1207 706 1282 εἶναι
726 1204 874 1301 λυπράν.
906 1215 944 1279 οἰ
960 1210 994 1279 δ’
1017 1203 1193 1282 ἰνοικοόν·

102 1342 156 1401 τες
177 1312 301 1407 σχεδόν
322 1314 452 1399 πάντες
480 1316 608 1401 ἁλιεῖς,
649 1317 717 1388 ’ἀπ’
747 1319 943 1408 ἀγκίστρων
970 1327 1028 1388 καί
1050 1313 1193 1405 ἰχθύων,

102 1426 153 1497 ἔτι
181 1422 220 1496 δὲ
248 1432 311 1496 καί
332 1425 529 1519 πορφύρας
555 1433 617 1496 καί
645 1423 809 1516 σπόγγων
840 1423 900 1498 τόν
930 1431 1009 1508 βίον
1038 1427 1194 1514 ἔχοντες·

7 1551 8 1554 ’
102 1535 138 1606 ἰν
167 1525 339 1624 αἰγιαλοῖς
366 1561 405 1607 τε
433 1547 491 1608 καί
520 1535 618 1629 φύκει
640 1545 701 1608 καί
721 1533 889 1620 καλύβαις
909 1533 1195 1632 καταγεγηρακό-
1260 1627 1262 1632 Δ

102 1667 176 1726 τες·
196 1645 339 1773 πυρροί
349 1658 427 1728 ταῖς
449 1643 568 1736 ὄψεσι·
597 1641 729 1726 πάντες
749 1671 787 1716 τε
807 1647 944 1730 λεπτοί,
977 1641 1075 1714 τάδ
1099 1641 1195 1736 ἄκρα

100 1757 174 1822 τιόν
196 1746 334 1839 ὀνύχων
346 1745 665 1848 καταβεβρωμὲνοι
684 1755 763 1834 ταῖς
783 1777 874 1822 κατα
862 1747 1110 1824 ἱ’θάλατταν
1092 1777 1194 1843 εργα-

103 1869 207 1942 σίαις·
240 1856 558 1991 προπεπονθότες
586 1865 763 1955 πορθμοῖς
792 1861 1010 1930 οἱπλεῖστοι
1031 1867 1090 1928 καί
1110 1884 1194 1930 ναυ·

103 1975 222 2062 πηγοί·
259 1965 322 2057 τὴν
344 1965 385 2035 δὲ
406 1964 528 2057 χιόραν
549 1968 613 2058 ούχ
635 1965 712 2037 οἷον
734 1961 979 2061 ἐργαζόμενοι,
1009 1965 1090 2036 ἀλλ
1112 1961 1203 2036 οόδί
1271 1986 1281 1993 ·

102 2074 256 2164 ἔχοντες,
292 2072 420 2160 αὐτούς
455 2073 651 2168 φάσκοντες
683 2072 883 2165 ἀπογόνους
913 2070 1019 2146 εἶναι
1033 2069 1195 2145 Ῑλαόκου

103 2189 170 2257 τοῦ
188 2183 407 2266 θαλασσίου,
430 2181 469 2267 ὃς
490 2179 605 2266 ἁλιεύς
626 2169 667 2277 ἧν
690 2179 982 2280 ὁμολογούμενος.
1004 2187 1025 2275 ἡ
1047 2177 1112 2275 μίν
1133 2169 1197 2256 ούν

102 2293 264 2366 Βοιωτία
294 2288 457 2386 τοιαύτη·
493 2295 533 2362 αί
561 2286 627 2381 γάρ
664 2295 818 2361 Θεσπιαί
849 2291 1048 2384 φιλοτιμίαν
1078 2289 1196 2378 ἔχουσι
1288 2339 1298 2358 ,

101 2397 216 2496 μόνον
235 2399 376 2490 ἀνδρῶν
398 2405 458 2470 καί
485 2392 699 2490 ἀνδριάντας
726 2399 766 2468 ού
795 2393 1070 2494 πεποιημένους,
1105 2397 1196 2469 ἀλλο

7 2587 8 2590 ρ
102 2505 142 2576 δὲ
165 2500 275 2576 ουδεν
310 2511 543 2599 ἱστοροῦσι
574 2509 612 2575 6
633 2507 895 2578 οίΒοιωτοῖ
917 2535 968 2577 τα
996 2531 1100 2578 κατ
1108 2505 1196 2576 αύ·
1280 2587 1281 2595 η

103 2609 205 2695 τούς
242 2607 494 2744 ὑπάρχοντα
532 2608 625 2682 ἴδια
654 2610 955 2708 ἀκληρηματα
988 2607 1196 2704 λέγοντες

104 2727 259 2792 ταῦτα·
296 2749 369 2814 την
399 2745 488 2817 μεν
508 2713 868 2812 αἰσχροκέρδειαν
898 2736 1122 2792 κατοικεῖν
1153 2723 1196 2792 ἰν

100 2825 295 2919 Ὠρωπῷ,
316 2821 713 2918 τόνδίφθόυονὲν
741 2824 958 2918 Τανάγρᾳ,
980 2853 1052 2918 την
1074 2826 1196 2919 φιλο·

104 2933 311 3008 νεικίαν’
296 2958 339 3004 εν
366 2937 591 3017 Θεσπιαῖς,
613 2931 687 3028 τήν
709 2930 827 3026 ὕβριν
847 2937 892 3005 ἐν
919 2930 1103 3028 Θήβαις,
1123 2929 1217 3026 τὴν

103 3039 370 3138 πλεονεξίαν
404 3041 447 3112 ἰν
475 3041 723 3136 Ἀνθηδόνι,
758 3039 832 3134 τὴν
865 3051 1131 3134 περιεργίαν
1153 3041 1198 3113 ἓν

103 3149 348 3242 Κορωνείᾳ,
381 3151 426 3219 ε’ν
449 3147 694 3230 Πλαταιαῖς
714 3145 789 3246 τήν
810 3151 1090 3236 ἀλαζονείαν,
1121 3146 1196 3220 τόν

102 3254 294 3349 πυρετόν
334 3259 382 3328 ἐν
418 3251 652 3350 Ὀγχήστῳ,
707 3253 781 3350 τόν
821 3261 1115 3354 ἀναισθησίαν
1154 3258 1196 3328 ἐν

100 3362 310 3458 Ἁλιάρτῳ.
339 3359 431 3440 τάδ’
454 3366 497 3435 ἐκ
518 3361 655 3458 πάσης
681 3367 753 3456 τῆςΙ
776 3363 979 3450 Ἑλλάδος
1007 3361 1196 3462 ἀκληρῆ·

102 3503 220 3572 ματα
248 3477 310 3558 εἰς
338 3471 414 3556 τάς
444 3478 517 3568 τῆς
544 3475 772 3555 Βοιωτίας
797 3465 946 3556 πόλεις
973 3467 1194 3568 κατερρύη.

103 3589 124 3656 ό
145 3589 265 3674 στίχος
290 3576 550 3676 Φερρκράτους·

201 3693 317 3783 ἄνπερ
339 3691 472 3782 φρονῇς
493 3676 548 3772 εἰ,
571 3691 676 3780 φεῦγε
697 3683 759 3782 τίγν
780 3689 976 3760 Βοιωτίαν.’

101 3794 208 3894 η’μδν
230 3786 292 3866 σόν
316 3802 388 3866 τῶν
409 3795 583 3866 Βοιωτῶν
603 3791 706 3886 χαίρω
734 3797 887 3890 τοιαύτη.
920 3791 959 3878 ἐξ
984 3793 1197 3888 Ἀνθηδόνος
1279 3850 1283 3854 -

102 3903 329 3992 εἰςΧαλκίδα
351 3898 539 3973 στόδιαά·
559 3895 660 3994 μέχρι
681 3927 742 3972 του
727 3901 969 3991 Σαλγανίως
992 3898 1075 3984 ὁδός
1095 3899 1196 3992 παρὰ

100 4013 163 4086 τόν
186 4005 348 4102 αἰγιαλόν
369 4007 422 4080 λεί
423 4033 447 4078 α
468 4035 506 4080 τε
525 4016 627 4080 πᾶσα
648 4015 711 4080 καί
730 4005 887 4102 μαλακή·
925 4015 968 4102 τῇ
995 4007 1058 4105 μὲν
1086 4009 1195 4106 καθη-

101 4145 215 4194 κουσα
237 4123 286 4203 εἰς
305 4117 501 4201 θάλατταν,
524 4145 564 4210 τη
547 4101 667 4186 δι”
645 4141 729 4208 ορος
750 4115 812 4246 σύγ
829 4111 1017 4212 δψηλόν
977 4141 1040 4208 μεν
1055 4117 1198 4208 ἔχουσα,

102 4224 222 4301 ἄλσεσι
237 4221 278 4298 δὲ
295 4231 356 4300 καί
377 4220 480 4296 ὕδασι
499 4226 663 4314 πηγαίοις
676 4219 944 4314 κατάρρυτον.)
899 4249 934 4292 ι
934 4219 1000 4292 66
1014 4229 1086 4295 τιίν
1099 4223 1195 4297 Χαλ·

952 4345 1001 4416 10
1131 4378 1139 4400 ι
