2720 4722
450 218 907 342 .„.;332·„„

169 455 268 537 uinco
298 461 338 524 ob
374 461 474 522 tolum
503 441 728 536 seruientiarum
761 477 933 522 connexum
969 461 1021 522 vix
1049 461 1141 524 aliter
1172 481 1266 542 quam

143 659 146 664 Ι
170 569 302 653 proprio
316 586 410 630 sensa
430 567 565 648 intelligi
587 585 681 648 posse
695 566 870 659 videantur,
890 565 1038 630 nonnulla
1058 567 1154 650 adjici
1168 587 1267 650 opor·
1351 583 1352 662 ζ

92 671 94 674 ’
129 737 140 766 ,
170 677 249 769 tuit,
277 676 391 756 quibus
412 677 480 758 ejus
501 677 551 738 rei
573 694 666 738 causa
687 673 898 761 indicaretur,
927 675 1027 755 idque
1055 675 1158 740 dativo
1186 682 1267 752 ταῖς
1351 751 1352 756 ¹

172 773 263 850 κατὰ
284 775 468 848 θάλατταν
492 781 668 866 ἐργασίαις
688 782 806 846 iactum
821 801 890 846 asse
910 802 972 846 uon
982 783 1107 846 dubito.
1149 783 1266 868 πορθ-

53 963 61 974 .
130 899 253 980 ·μοῐς
281 883 591 974 προπεπονθότες
619 898 722 953 autem
750 879 891 954 benene
919 891 1017 953 babet
1045 893 1269 972 nequealium
1352 929 1353 958 r

172 1003 313 1066 continet
338 1021 462 1064 sermm
491 1019 583 1080 quam
613 999 782 1085 πορθμεῐς
810 989 898 1076 esse,
927 1018 984 1062 seu
1007 983 1192 1081 Ιπορθμοῖς
1226 999 1268 1062 de

171 1109 256 1172 freto
278 1110 470 1191 explicamus
497 1114 623 1170 etcum
644 1105 753 1168 Gallio
770 1107 921 1176 vertimus
949 1107 1002 1184 „iu
1022 1105 1107 1168 ireto
1127 1107 1268 1170 libenter

172 1220 352 1280 versantes“
373 1234 446 1292 reu,
475 1215 557 1278 sicut
584 1196 668 1296 apud
696 1214 887 1295 Sophoclem
915 1232 1042 1293 quoque
1068 1213 1187 1276 iactum
1218 1222 1268 1277 est

97 1399 102 1409 Ι
172 1325 215 1387 ci.
229 1325 344 1388 Tracb.
365 1321 484 1390 carloil
506 1342 554 1403 sq.
576 1315 719 1386 τοσόνδ’
744 1315 859 1408 ὀνήσει
879 1327 951 1384 coin
968 1316 1074 1403 ἐμῶν,
1096 1312 1156 1384 ἐὰν
1169 1323 1266 1409 πίθῃ,

172 1429 364 1518 Πορθμαῑν,
385 1427 426 1491 de
446 1430 517 1510 ipsu
531 1430 667 1510 trajectu
688 1428 908 1509 accipiendum
929 1447 999 1492 esse
1020 1435 1054 1492 et
1072 1427 1157 1493 idem
1181 1429 1266 1510 quod

170 1537 226 1620 τῷ
244 1530 455 1624 πορθμεύειν
475 1537 654 1619 siguificare
675 1527 870 1619 abnjieimus.

233 1638 311 1733 τήν
340 1636 387 1708 dd
417 1638 670 1729 χώραυόὕχ
705 1635 799 1710 οἷον
831 1639 1131 1732 ἐργαζόμενοι,
1171 1640 1266 1708 ἀλλ’

172 1745 276 1820 οὐδὲ
304 1745 482 1838 ἔχοντες.
533 1749 598 1839 οὐχ
628 1741 721 1829 οἷον,
743 1746 835 1814 ἄλλοί
862 1754 947 1836 apud
969 1755 1105 1817 Gallium
1133 1752 1174 1815 ad
1196 1755 1265 1816 uni·

170 1884 295 1929 versum
309 1865 378 1947 ejus
390 1865 521 1928 rationis
538 1863 665 1927 dicendi
678 1880 802 1950 sensum
821 1864 897 1928 salis
912 1868 1003 1925 recte
1023 1881 1148 1928 versum
1169 1862 1265 1924 video

170 1967 292 2038 tectam
312 1973 413 2050 obest,
432 1981 468 2035 ot
483 2005 520 2018 -
535 1980 580 2036 ut.
620 1973 736 2034 Mirum
756 1972 927 2034 lectionem
941 1971 1123 2034 Zosimades
1143 1971 1265 2034 hancce

172 2081 399 2144 exbibuerunt:
425 2069 483 2151 τὴν
503 2067 541 2141 δὲ
560 2066 683 2162 χώραν
706 2057 799 2140 οὖν*
821 2065 897 2142 οἷον
918 2069 1163 2162 ἐργαζόμενοι,
1184 2075 1265 2141 nibil

170 2193 274 2248 tamen
297 2187 337 2248 de
358 2205 396 2248 ea
415 2186 550 2265 amplius
569 2186 752 2248 adnotantes
773 2203 890 2266 neque,
912 2205 950 2247 an
972 2204 1011 2248 ex
1031 2186 1113 2250 libro
1134 2205 1192 2248 ιιι.
1212 2204 1265 2248 rc·

170 2295 271 2375 petita
291 2296 349 2371 sit,
381 2295 535 2356 certiores
555 2313 612 2356 nos
632 2293 795 2356 iacientes.
843 2276 1013 2358 Vulcanius
1041 2314 1102 2376 pro
1123 2286 1264 2370 αὐτούς,

172 2399 258 2482 quod
274 2402 340 2484 jam
362 2401 506 2482 sequitur
534 2407 567 2462 et
588 2419 658 2462 curn
679 2400 920 2464 succedentibus
940 2401 1045 2462 verbio
1066 2389 1264 2484 φάσκοντες

171 2527 202 2571 κ.
223 2528 252 2570 τ.
273 2505 303 2572 λ.
326 2511 394 2572 aine
414 2507 510 2571 dubio
532 2508 783 2594 conjungendum
803 2515 867 2586 cst,
897 2497 1004 2590 αὑτήν
1025 2509 1195 2590 rescripsit
1214 2508 1263 2570 id·

76 2683 80 2692 ⁴
171 2637 234 2704 qne
256 2616 296 2679 ad
311 2607 371 2703 τὴν
391 2609 514 2700 χώραν
530 2617 735 2680 referendum
755 2617 894 2691 censuit3
916 2617 1039 2696 qualern
1052 2617 1264 2678 accusativum

169 2725 433 2808 pronomiaalem,
454 2745 549 2807 quum
570 2715 630 2810 τὴν
651 2715 772 2808 χώραν
792 2725 919 2789 vixdum
939 2724 1058 2786 dictum
1077 2723 1188 2801 fuerit,
1208 2725 1265 2787 ali-

171 2839 325 2914 quateuus
352 2833 536 2904 claudicare
562 2833 789 2924 contenderim.
844 2833 995 2896 llndaono
1025 2831 1153 2913 quidem
1180 2838 1264 2895 teate

52 2963 53 2968 ¹
169 2942 349 3024 Stephanus
369 2943 504 3022 protulit
530 2937 613 3005 ἀλλ’
643 2930 723 3004 οὐδὲ
743 2933 878 3024 ἔχοντες
904 2933 1028 3012 αὐτούς
1049 2947 1083 3002 et
1101 2940 1165 3004 bec
1186 2960 1265 3022 pro·

117 3031 121 3040 ⁴
170 3069 284 3114 nomeu
310 3049 494 3140 perserba
516 3039 596 3124 τούς
617 3040 661 3113 ἂν
682 3036 935 3135 ἐργαζομένους
963 3048 1134 3131 explicuit,
1166 3069 1265 3130 quau-

32 3225 37 3234 ,
171 3177 265 3240 qnam
292 3157 440 3238 equidem
467 3159 500 3220 in
528 3147 676 3222 thesaura
698 3157 898 3221 Gronoviano
919 3156 1112 3237 Stephanum
1135 3158 1265 3240 vulgata

169 3266 293 3326 ratione
313 3265 417 3328 lecum
437 3265 616 3327 exhibuisse
636 3263 740 3327 video.
767 3264 916 3326 Ceterum
931 3264 1051 3326 ibidem
1065 3263 1265 3328 doctissimus

171 3369 297 3448 (lullus,
325 3372 353 3434 si
382 3373 452 3452 quia
474 3373 660 3446 miraretur,
692 3391 754 3452 quo
782 3371 875 3433 modo
897 3369 1109 3460 Dicaearchus
1129 3390 1169 3434 eo
1189 3371 1264 3434 loce

171 3476 381 3542 Anthedoniia
398 3478 518 3542 nullum
538 3497 646 3560 agrum
667 3497 737 3541 esse
758 3476 868 3542 dicere
889 3485 1015 3560 posset,
1043 3497 1138 3559 quum
1165 3497 1265 3560 supra

141 3585 351 3666 ‚scriptricet
377 3577 441 3648 διὰ
468 3577 510 3648 τό
539 3576 601 3672 τήν
626 3575 749 3670 χώραν
775 3575 860 3650 εἶναι
886 3574 1040 3670 λυπράν,
1077 3583 1140 3649 duo
1167 3587 1264 3650 statui

88 3699 91 3706 ’
171 3709 267 3772 possa
287 3691 517 3767 animadvertit,
537 3699 592 3756 aut
609 3713 650 3758 aa
672 3714 741 3756 eam
762 3693 888 3775 quidem
908 3696 1070 3776 regionem
1093 3713 1186 3774 quam
1205 3689 1263 3756 ho-

171 3793 267 3882 πράν
294 3807 441 3864 vocasset
466 3801 595 3866 ditionis
614 3803 883 3867 Anthedoniorum
911 3803 1009 3864 fuisse
1040 3808 1095 3864 aut
1114 3801 1263 3864 llicaear·

172 3908 267 3972 chum
287 3927 348 3990 pro
368 3910 453 3971 nulla
466 3909 626 3990 habuisse,
647 3931 833 3994 quaequam
846 3912 979 3974 maxime
993 3915 1081 3974 arcta
1102 3910 1263 3972 existeret.

172 4017 388 4081 Posteriorem
417 4017 570 4100 Stephani
600 4022 755 4082 rationem
783 4019 998 4102 praeferrem,
1029 4019 1057 4081 si
1076 4024 1262 4101 persuasum

172 4125 251 4188 milri
273 4132 357 4188 esset
376 4126 459 4190 bunc
480 4133 621 4189 nostrum
640 4129 744 4190 locum
765 4128 811 4190 illi
832 4128 944 4210 priori,
965 4127 1055 4210 cujus
1075 4127 1172 4188 verba
1191 4131 1265 4187 sunt

176 4220 235 4310 ᾷιά
265 4222 306 4296 τὸ
326 4224 386 4308 τὴν
406 4227 528 4318 χώραν
549 4223 635 4300 εἶναι
661 4224 818 4318 λυπράν,
847 4251 1026 4317 repugnare
1055 4231 1175 4306 rideri3
1203 4229 1264 4294 scd
