2728 4720
520 271 741 352 -ssa
794 231 889 320 ....‘.

161 467 337 533 (irenaerna
358 472 390 536 in
405 485 528 536 moena.
541 471 633 534 itinn.
644 469 846 556 Droeuatedt.
860 467 1091 552 Dphemcridd.
1104 471 1256 536 Heideib.

161 582 253 644 182⁰.
276 601 307 662 p.
327 579 412 658 ose,
432 579 571 644 Naebiua
591 579 673 642 Mna.
693 579 796 642 Rhen.
816 579 838 641 Ι.
851 579 873 641 Ι.
895 586 928 642 et
949 580 1092 643 Osannus
1112 581 1132 646 1.
1153 579 1176 642 1.
1198 581 1258 644 ob·

160 691 287 770 sequuti
314 694 396 752 sunt
452 688 486 751 in
513 707 552 750 eo
581 694 684 750 tamen
714 687 829 750 0sanni
859 689 1018 751 sententia
1044 709 1064 750 a
1091 688 1257 751 Martiana

164 795 316 873 discedit,
343 794 428 876 qnod
458 793 607 857 nonnulis
635 801 753 856 tantum
780 795 813 856 in
842 795 1025 878 anagraphe
1053 795 1257 877 deprehendi
1355 811 1356 874 ι

163 893 320 968 existimat
341 923 422 984 qnae
444 923 463 968 e
484 903 624 986 Scylacis
645 903 772 986 periplo
786 906 925 986 repetita
945 906 1008 967 sint
1029 910 1063 966 et
1077 904 1162 984 quod
1183 923 1259 966 sna·
1355 881 1356 904 ³

162 1013 307 1096 graphen
328 1031 389 1074 non
410 1011 515 1074 credit
543 1011 839 1093 opusDicaesrcho
860 1015 1057 1094 suppositum
1079 1031 1168 1088 esse,
1199 1010 1258 1074 sed
1356 1018 1357 1080 i

162 1125 326 1186 metricam
339 1123 500 1204 epitomen
515 1122 622 1202 operis
637 1113 844 1182 Dicaearchei
864 1121 944 1182 dicit
956 1119 1100 1202 pedestri
1114 1121 1260 1182 oratione
1356 1095 1357 1108 ἵ

164 1231 333 1311 compositi
363 1235 397 1291 et
416 1228 638 1310 Theophrasto
667 1227 801 1290 fortasse
830 1227 979 1288 dedicati.
1022 1227 1119 1305 Quam
1140 1225 1260 1288 Osauni

165 1337 346 1418 opinionem
367 1335 515 1416 equidem
531 1354 658 1416 quoque
678 1353 775 1416 supra
789 1334 937 1415 adoptavi
957 1334 1065 1414 ibique
1077 1334 1261 1415 prosaicum
1357 1352 1358 1386 ι

166 1463 247 1526 opus
261 1442 346 1506 nude
367 1441 546 1524 anagraphe
560 1447 671 1504 exorta
689 1421 788 1503 fuerit
802 1437 969 1525 περίοδον
991 1440 1051 1524 γῆς
1070 1439 1169 1502 inisse
1185 1459 1261 1502 con-
1357 1471 1358 1476 κ

161 1552 242 1634 jeci.
291 1551 390 1629 Quem
420 1555 531 1617 contra
557 1550 658 1624 airum
680 1548 915 1624 doctissimum,
943 1548 1083 1628 quamvis
1109 1548 1142 1608 in
1175 1547 1263 1608 omni

168 1679 224 1721 rua
246 1655 478 1720 demonstrandi
499 1657 622 1718 ratione
643 1675 695 1717 mc
715 1657 935 1736 assentientem
955 1655 1080 1732 habeat,
1101 1653 1135 1716 id
1156 1661 1263 1718 tamen
1358 1684 1359 1706 ι

169 1766 269 1830 solum
289 1783 418 1828 monera
439 1765 502 1826 hoc
523 1765 595 1826 loco
615 1765 727 1841 liceat,
749 1762 845 1846 qdod,
865 1765 919 1826 abi
941 1771 1080 1827 nostrum
1100 1762 1262 1844 fragmen·

169 1884 235 1938 tum
255 1874 397 1954 spurium
419 1890 489 1934 esse
503 1871 771 1935 demonstraturus
793 1877 851 1948 est,
871 1872 995 1934 nimiam
1016 1871 1171 1932 rationem
1194 1869 1265 1951 ejus
1357 1889 1359 1896 ¹

54 2057 57 2062 ,
108 2055 110 2062 q
169 1985 219 2048 rei
240 1982 365 2059 habuit,
386 1979 472 2062 quod
492 1978 704 2044 Dicaearchus
723 1999 741 2040 a
761 1978 859 2042 Suida
877 1985 990 2060 utpote
1010 1979 1107 2059 poeta
1125 1973 1189 2039 non
1212 1995 1265 2039 re·
1359 2021 1360 2036 i

65 2089 67 2094 ’
170 2094 365 2154 censeretur.
405 2087 699 2150 Aoteomniaeuim
715 2085 974 2149 considerandum
994 2094 1053 2163 eat,
1068 2105 1159 2167 quam
1174 2105 1267 2148 maa·
1359 2093 1360 2100 ’

171 2218 209 2260 ca
237 2199 279 2260 sit
306 2195 423 2258 Snidae
443 2197 589 2258 universa
610 2195 652 2256 de
673 2195 866 2260 Dicaearcho
888 2197 1044 2280 expositio
1065 2195 1171 2258 etiae
1193 2195 1266 2258 Sui·

174 2305 229 2366 das
251 2304 290 2365 de
313 2321 352 2374 eo
366 2304 601 2368 accuratissimo
624 2302 810 2368 disseruerit
830 2305 1137 2368 animadvertendum
1158 2312 1266 2366 tamen
1360 2377 1361 2394 χ

172 2419 230 2488 est,
245 2411 467 2492 compendium
481 2412 697 2494 geographiae
709 2414 1029 2498 metricum‘eiiicere
1048 2415 1100 2476 six
1120 2414 1267 2494 potuisse
1360 2403 1361 2416 ¹

171 2518 293 2594 rideri,
314 2524 349 2578 ut
369 2518 525 2600 ejunnodi
547 2520 687 2601 scriptor
707 2521 833 2582 nomine
853 2517 1000 2606 ποιητής
1020 2521 1267 2601 significaretur.

173 2625 354 2712 Quanquam
383 2626 565 2706 neutiquam
595 2625 753 2688 credimus
783 2625 867 2688 istud
888 2627 939 2688 rel
960 2628 1086 2688 omuino
1107 2625 1267 2708 ejusmodi

174 2731 396 2812 compendium
422 2732 639 2815 geographiae
667 2733 826 2814 poeticum
848 2753 865 2795 a
887 2733 1081 2796 Dicaearcho
1102 2733 1175 2812 ipso
1197 2732 1269 2794 edi·

172 2843 239 2898 tum
260 2837 368 2900 fuisse.
417 2839 505 2917 Quae
528 2857 621 2918 quum
642 2839 694 2900 ita
706 2842 783 2917 sint,
810 2859 1002 2922 magnopere
1022 2840 1197 2902 mirandum
1219 2847 1269 2904 est

72 3029 75 3038 A
175 2945 260 3026 quod
289 2945 411 3008 (isitius
439 2944 634 3008 iaisissimsm
665 2943 767 3008 adhuc
799 2947 840 3009 de
871 2948 1051 3030 anagraphe
1079 2949 1268 3009 sententiam

33 3055 37 3064 ’
174 3055 277 3116 tenuit
304 3060 338 3116 et
368 3054 515 3134 prosaica
545 3059 578 3116 et
613 3057 741 3135 poitica
770 3055 946 3137 fragmenta
974 3059 1062 3117 arcto
1089 3055 1270 3136 argumenti

175 3177 317 3222 connexu
339 3161 423 3222 inter
449 3177 484 3221 se
506 3162 663 3224 contineri
684 3163 816 3226 censuit.
866 3163 954 3224 Haec
974 3164 1058 3224 enim
1079 3161 1148 3243 ejus
1170 3161 1270 3224 verba

174 3269 208 3332 iu
222 3268 423 3332 adnotatione
443 3268 483 3330 ad
498 3269 620 3332 initium
634 3272 773 3352 prosaici
787 3271 955 3352 fragmenti
968 3271 1136 3352 leguntura
1157 3271 1268 3348 „Haec

176 3371 343 3461 (pertinet
367 3375 408 3438 ad
436 3375 644 3458 fragmentum
672 3381 723 3440 cui
749 3379 931 3440 inscribitur
957 3375 1034 3451 βίος
1062 3373 1122 3462 τῆς
1146 3371 1270 3440 ‘Ic'tisi-

127 3523 140 3566 4
177 3481 264 3568 δος)
285 3484 325 3547 ob
340 3483 456 3547 seriem
470 3485 611 3575 iocorum
633 3486 913 3548 describendorum
929 3486 1109 3548 debuissent
1124 3488 1270 3566 proxima

174 3592 249 3672 poni
278 3598 351 3673 post
378 3609 423 3654 vr.
444 3592 507 3654 loo
534 3594 619 3674 quod
645 3596 712 3676 egit
738 3595 916 3658 Hudsonns.
964 3595 1028 3658 lmo
1056 3593 1270 3658 Dicaearchus

176 3717 220 3760 vs.
249 3697 291 3759 39
319 3700 442 3763 nuntiat
470 3719 505 3764 aa
536 3702 577 3763 ad
604 3702 724 3784 aliquid
750 3703 928 3766 rediturum
959 3721 1029 3765 esse
1050 3697 1108 3788 (i)
1130 3704 1163 3764 in
1185 3705 1270 3766 serie

178 3806 356 3884 scribendi,
384 3803 442 3870 ini
463 3797 508 3870 cci
529 3799 641 3871 λοιποὶ
663 3809 728 3873 τοῦ
748 3801 859 3892 λόγου
881 3803 1130 3894 προβήσομαιι
1153 3811 1271 3872 etenim

178 3914 210 3974 in
232 3931 330 3992 prosa
351 3915 494 3976 oratioue
514 3933 587 3976 mox
606 3915 701 3978 iidem
723 3921 878 3998 praestat,
899 3917 953 3978 ubi
975 3935 1098 3978 caumm
1120 3917 1270 3997 explicat,

178 4039 236 4080 cur
257 4021 449 4084 Thessaliam
477 4021 734 4106 Magnesiamqne
761 4025 796 4088 in·
816 4011 950 4086 Heli'ade
980 4023 1270 4106 comprehenderit

180 4125 257 4188 inde
279 4127 341 4189 duo
364 4130 518 4210 consequi
538 4130 704 4192 videntur:
727 4131 770 4212 l)
794 4131 877 4212 qnod
900 4132 1042 4214 ejusdem
1065 4133 1174 4214 operis
1195 4151 1270 4212 pars

183 4232 246 4294 sint
265 4232 328 4296 ioci
349 4233 434 4298 inter
453 4253 489 4300 se
511 4237 699 4315 quadrante
705 4237 875 4320 ‚2quamvis
896 4259 975 4304 unns
997 4239 1119 4304 solutae
1139 4240 1182 4304 a!
1203 4255 1274 4301 ora·
