2734 4718
544 303 765 409 „404
817 338 912 354 ..-

186 489 296 568 corum
320 483 599 584 'monumentorum
633 504 720 565 notio
750 500 909 583 paululum
939 497 1083 577 recedit,
1110 499 1279 566 Menodoti

184 611 279 675 Samii
301 615 371 672 roto
392 598 484 674 κατά
505 601 627 694 Σάμον
650 599 805 686 ἐνδόξων
835 604 1024 695 ἀναγραφή
1048 607 1091 670 cf.
1111 609 1185 670 Ath.
1206 611 1278 686 XV,

159 697 162 703 ¹
183 711 304 798 0721,
322 695 471 792 le.ld.,
498 715 588 796 cujus
616 716 723 794 operir
752 719 875 795 partem
905 713 1008 775 fuisse.
1031 715 1167 796 conjicio
1192 715 1279 796 qnod

19 864 24 874 «
67 832 91 882 '.
148 842 151 845 ·
184 809 298 908 Nth‘en.
318 825 407 900 xiv,
426 822 545 912 tidha.
567 822 712 885 laudatur
731 820 810 905 περὶ
830 821 906 884 τῶν
924 811 1014 886 κατὰ
1036 813 1077 884 τὸ
1100 813 1195 908 ιἐρὸν
1216 823 1279 907 τῆς

183 929 321 1016 Σαμίας
335 922 451 1014 Ἥρας.
502 931 614 1010 Neque
642 932 740 1012 igitur
767 930 835 996 neri
856 931 958 992 simile
980 937 1028 992 est
1048 931 1278 994 Dicaearchum

183 1039 371 1122 singularem
398 1039 513 1102 librum
544 1039 584 1102 de
605 1040 693 1101 Pelio
724 1039 899 1100 confecisse
928 1057 1031 1118 neque
1061 1040 1125 1101 tale
1147 1039 1277 1119 aliquod

184 1165 265 1228 opos
285 1167 388 1226 neque
416 1148 524 1227 operis
553 1147 681 1229 majoris
703 1151 826 1226 partem
848 1165 928 1226 quae
949 1147 1058 1208 Pelion
1081 1147 1276 1226 complecte-

182 1255 273 1315 r'etur
308 1243 518 1338 ἀναγραφὴν
556 1252 637 1314 τοῦΙ
659 1247 789 1338 Πηλίου
831 1245 936 1336 ὄρους
965 1251 1129 1314 'dicturum
1166 1253 1277 1314 fuisse.

116 1369 117 1372 ’
182 1359 291 1423 Nihilo
313 1363 413 1422 minus
433 1366 574 1422 nostrum
595 1360 805 1442 fragmentum
826 1379 864 1421 ex
880 1361 1119 1422 Dicaearchanis
1141 1379 1298 1441 excerp.

182 1473 249 1529 tum
280 1487 349 1530 esse
377 1487 437 1548 pro
468 1469 642 1554 certissimo
670 1469 783 1529 habeo.
833 1468 999 1530 Rationem
1027 1469 1095 1550 ejus
1125 1470 1176 1529 rei
1204 1476 1277 1529 ante

183 1576 286 1637 omnia
313 1574 449 1655 aliquam
469 1575 643 1636 hahendam
672 1595 740 1636 esse
762 1575 923 1648 existimo}
953 1574 1037 1654 quod
1065 1575 1277 1655 fragmentum

183 1685 321 1746 medium
355 1685 438 1745 iuter
466 1683 713 1746 Dicaearchiana
752 1685 938 1746 collocatum
959 1703 1038 1745 ¹esse
1068 1665 1276 1764 perhibetur:

183 1791 279 1852 verba
309 1792 391 1853 enim
414 1791 527 1870 quihus
546 1809 699 1872 magnum
720 1789 799 1851 illud
821 1809 860 1852 ex
881 1785 957 1872 Βίῳ
979 1809 1009 1852 τ.
1027 1783 1117 1852 flii:
1140 1810 1277 1871 excerp·

106 1979 108 1983 Ι
183 1905 249 1960 tum
271 1885 379 1962 finitur
395 1899 505 1961 eadem
527 1901 620 1960 etiam
635 1904 742 1959 nostro
766 1898 886 1960 adnexa
907 1903 979 1959 runt
1001 1885 1055 1960 ὅτι
1077 1893 1097 1981 ἡ
1118 1887 1181 1974 μὲν
1198 1889 1278 1960 Ἑλ-

183 1996 249 2080 λάς
270 2026 298 2070 κ.
320 2027 348 2068 τ.
370 1999 402 2065 λ
445 2006 507 2069 Vix
522 2007 605 2067 enim
621 2005 717 2065 credo
733 2012 954 2084 excerptorem
969 2022 1008 2064 ex
1024 2002 1157 2065 diversis
1172 2006 1277 2086 scrip·

182 2113 306 2176 toribus
328 2114 466 2192 repetita
486 2115 530 2174 ita
548 2120 620 2194 post
636 2131 676 2174 -se
699 2113 849 2192 deincep·
865 2113 1089 2174 collocaturum
1109 2113 1221 2191 fuisse,
1242 2119 1278 2175 nt

61 2303 63 2307 ,
182 2238 245 2282 uon
268 2220 443 2296 adnotaret,
464 2221 553 2302 cujus
568 2221 735 2298 scriptoris
757 2221 835 2280 haec
857 2219 910 2280 illa
931 2239 1006 2300 pars
1027 2225 1120 2283 esset.
1162 2221 1277 2301 Cogita
1356 2287 1357 2316 1

182 2327 281 2407 igitur
309 2325 341 2387 in
365 2325 483 2396 ¹codice
512 2325 673 2402 Gudiano,
701 2345 877 2405 quanquam
904 2345 941 2386 ea
970 2327 1012 2388 de
1041 2346 1079 2388 re
1108 2327 1277 2390 Fabricius

168 2433 263 2498 nihil
284 2433 459 2511 adnotavit,
486 2433 695 2514 fragmentum
718 2435 757 2494 de
778 2433 868 2522 Pelio
890 2437 1055 2515 excepisse
1083 2435 1168 2495 aliud
1188 2435 1277 2516 frag-

111 2545 112 2548 ’
183 2549 322 2604 mentum
349 2526 641 2618 Dicaearchianum,
672 2543 723 2602 cui
753 2559 865 2602 nomen
893 2541 1081 2604 Dicaearchi
1100 2543 1276 2623 praefixum

183 2649 293 2712 fuerit.
341 2651 482 2712 Osannus
514 2651 606 2711 nimis
633 2654 726 2710 caute
745 2655 886 2710 uersatus
916 2667 985 2744 esqe
1005 2649 1147 2725 ridetur,
1180 2669 1277 2730 qaum

184 2763 344 2820 auctorem
373 2759 615 2819 incertissimum
643 2777 712 2818 erre
738 2759 932 2818 existimaret
961 2764 994 2818 et
1023 2777 1062 2818 er
1089 2757 1167 2820 sede
1187 2759 1277 2839 frag·

183 2867 280 2929 ruenti
316 2885 335 2926 a
363 2865 616 2925 Dicaearchianis
654 2865 796 2944 proxima
831 2863 910 2926 nihil
945 2865 1096 2946 colligere
1131 2865 1278 2926 auderet.

182 2971 284 3034 Porro
306 2989 345 3033 ex
365 2971 459 3032 Plinii
481 2971 551 3031 loco
574 2961 711 3046 constat,
739 2971 971 3031 Dicaearchum
992 2972 1113 3031 Pelium
1133 2989 1277 3032 mensum

183 3077 282 3142 fnisse
310 3083 343 3140 ct
372 3077 413 3139 de
440 3077 509 3160 ejus
536 3077 702 3138 altitudine
724 3079 836 3158 egisse.
890 3077 1009 3156 Quodsi
1038 3084 1142 3138 autem
1171 3081 1203 3140 in
1235 3099 1276 3140 eo

183 3185 360 3267 fragmento
383 3185 468 3266 quod
489 3185 579 3246 nohis
599 3191 749 3265 superest
766 3185 938 3248 altitudinis
958 3187 1042 3248 nulla
1055 3188 1173 3247 mentio
1190 3186 1279 3248 facta

183 3296 365 3374 reperitur,
396 3293 458 3354 hoc
487 3291 572 3355 nulli
592 3293 645 3354 alii
673 3293 739 3368 rei,
770 3295 833 3355 nisi
860 3293 1194 3371 casui,·trihaendum
1216 3299 1278 3355 est.

92 3427 94 3431 ·
184 3401 274 3466 Fieri
303 3404 385 3462 enim
413 3403 536 3482 potuit,
563 3408 598 3462 ut
619 3405 805 3482 excerptor,
836 3421 917 3482 qnae
943 3403 1098 3482 plurimae
1119 3403 1276 3464 lectorum

184 3511 270 3590 parti
289 3511 418 3572 minoris
439 3511 587 3571 momenti
609 3512 810 3587 existimaret,
832 3511 924 3590 plane
945 3511 1089 3590 neglecta
1104 3511 1278 3572 omitteret.

183 3617 297 3698 Neque
318 3636 394 3679 vero
416 3618 609 3695 credideris,
637 3619 794 3700 singulare
816 3619 1002 3680 Dicaearchi
1023 3637 1111 3698 opus
1126 3617 1166 3678 de
1179 3637 1277 3680 mon·

119 3788 122 3795 ,
183 3725 269 3786 tihu'a
289 3726 464 3801 exstitisse,
491 3726 523 3786 in
555 3745 616 3804 quo
637 3727 716 3787 nihil
736 3729 797 3788 nisi
818 3729 968 3788 montium
989 3725 1171 3788 altitndIner
1186 3723 1276 3787 ¹indi·

186 3833 275 3892 caret
287 3849 392 3911 neque
405 3831 506 3907 simul,
530 3851 610 3911 quae
623 3835 656 3894 in
674 3835 802 3914 singulis
823 3835 979 3896 montibus
993 3841 1166 3896 memoratu
1182 3833 1276 3913 digna

184 3938 384 4014 riderentur,
412 3938 560 3999 referret.
609 3939 705 4019 Atqui
726 3941 838 4001 Suidas
859 3937 1179 4018 Dicaearchi,·'qnem
1198 3957 1277 4000 eun·

187 4047 259 4108 dem
281 4039 479 4129 γεωμέτρην
494 4047 677 4126 designavit,
699 4067 776 4127 opus
791 4049 898 4108 citavit
911 4037 1183 4134 ncrocprerpp'oerq
1202 4043 1278 4109 τῶν

154 4239 155 4245 ¹
188 4149 224 4217 ἐν
247 4145 504 4235 Πελοποννήσῳ
528 4149 634 4232 ὀρῶν.
678 4155 746 4231 Quo
768 4155 800 4216 in
821 4159 921 4234 opere
941 4153 1111 4215 secundum
1134 4154 1173 4216 G.
1194 4153 1278 4218 Vos·

187 4261 228 4323 rii
254 4247 440 4324 senteutialu
460 4259 562 4322 etiam
583 4259 664 4324 Pelii
685 4260 876 4344 descriptio,
907 4259 991 4325 unda
1018 4261 1166 4328 ausuum
1188 4262 1279 4344 freg-

909 4587 931 4623 Α
