2734 4718
153 475 384 544 alllcaearcho
405 477 580 541 delicatam
594 477 815 562 Theophrasto
836 478 934 545 inisse
956 481 1172 562 conjecerunt,
1192 485 1241 546 ei·

153 587 225 650 olem
245 589 308 665 cui,
328 593 364 648 nt
384 587 525 650 nonnulli
544 588 724 669 suspicione
744 591 820 650 satis
840 588 951 650 audaci
972 588 1162 667 elicuerant,
1182 589 1242 652 lti-

151 697 322 760 caaarchns
352 697 582 778 geographicas
608 715 680 760 ansa
707 696 827 759 tahulas
860 697 943 760 dono
972 697 1120 760 ledisset.
1172 697 1239 761 Sed

151 782 329 870 etiamnunc
349 807 434 868 serlo
449 823 630 885 quenquam
644 805 791 882 credere,
808 804 874 866 tale
896 807 1064 886 pessimum
1082 808 1242 886 scriptum

151 913 202 975 vel
223 931 394 994 puerorum
414 913 602 976 iustltuttoni
623 915 673 975 vix
694 922 801 994 aptum
815 915 1040 980 Dicaearchum
1061 915 1243 979 coniecisse

151 1022 250 1102 lslque
269 1021 461 1084 nobilissimo
482 1023 550 1084 viro
572 1022 721 1084 dedicare
742 1041 804 1085 non
826 1023 1029 1124 dedignatum
1047 1025 1162 1097 luisse3
1183 1023 1242 1085 lli-

44 1167 57 1178 ,.
150 1128 335 1192 oaearehum
350 1128 505 1210 ejusmodi
524 1128 664 1190 libellum
686 1130 899 1209 composuisse
913 1129 1046 1192 cundem
1068 1131 1123 1210 qui
1137 1131 1242 1192 Grae·

151 1238 221 1300 ciae
241 1237 334 1297 vitam
355 1235 388 1296 in
408 1236 540 1316 egregio
563 1242 596 1298 et
616 1237 881 1316 praestantissimo
903 1253 1021 1316 opere,
1040 1255 1113 1298 cunr
1132 1235 1243 1297 tahnla

150 1346 239 1426 picta
258 1343 329 1405 fere
344 1342 566 1423 comparando,
587 1345 788 1425 exposuerit!
809 1345 899 1406 Fieri
915 1345 1029 1425 potnit,
1042 1349 1077 1406 ut
1088 1344 1241 1406 Dicaear-
1358 1409 1359 1426 χ

97 1458 99 1463 ’
151 1451 230 1512 chus
250 1447 329 1524 βίον
353 1455 411 1534 τῆς
428 1436 609 1528 Ἑλλάδος,
633 1469 724 1530 quam
745 1451 877 1513 enodem
897 1453 1083 1514 seutentiam
1095 1451 1241 1531 Gorapun

149 1557 270 1635 hebuit,
289 1564 343 1618 ant
362 1555 530 1640 περίοδον
551 1556 612 1642 γῆς
632 1555 852 1638 Theophrasto
873 1577 998 1622 suerum
1019 1575 1089 1622 ease
1107 1558 1241 1641 jusserit

151 1671 186 1728 et
207 1663 261 1744 qul
281 1664 355 1726 iude
376 1663 601 1745 conglutinavit
625 1670 794 1744 excerptor
814 1683 882 1728 eam
903 1665 1112 1729 dedicationis
1131 1669 1239 1726 notam
1358 1673 1359 1684 ³

150 1773 339 1848 retinuerit,
360 1778 422 1854 aut¹
434 1779 469 1834 ut
488 1771 727 1853 Theophrastus
748 1772 874 1853 qnidam
894 1775 1078 1856 excerptori
1097 1773 1240 1854 aequalis

152 1881 319 1956 exstiterit,
339 1881 392 1942 cui
413 1879 494 1942 liber
508 1878 641 1942 donatus
653 1879 751 1940 inerit
764 1873 812 1964 ⁸),
833 1886 886 1942 ant
905 1887 941 1942 nt
955 1883 1010 1960 qui
1029 1897 1140 1944 versus
1153 1900 1239 1945 com·

150 1989 258 2068 posuit
277 1988 342 2050 suis
369 1988 491 2050 laciniis
511 1988 662 2068 majorem
682 1987 900 2049 auctoritatem
925 1993 1164 2068 comparaturus
1183 1989 1240 2051 lli·

151 2094 297 2157 caenrchi
334 2096 490 2174 seriptum
519 2094 582 2156 hoc
616 2112 685 2156 ease
713 2095 811 2174 idque
843 2095 1065 2176 Theophrasto
1100 2097 1240 2160 oblatum

151 2201 352 2265 simulaverit.
394 2202 479 2264 Utut·
495 2219 571 2264 reru
593 2211 651 2278 est,
673 2203 733 2265 hoc
748 2203 955 2286 fragmentum
969 2205 1156 2268 Dicaearchi
1176 2224 1239 2268 uon

152 2327 222 2372 asse
249 2312 324 2372 antia
345 2312 549 2390 perspicuum
571 2310 725 2383 reddetur
744 2311 935 2392 singulorum
956 2317 1101 2376 accurata
1121 2314 1240 2374 exauri-

21 2503 22 2506 Ἴ
150 2419 287 2480 ustione.
328 2417 396 2496 Qua
417 2419 450 2478 iu
469 2435 523 2492 re,
551 2435 726 2496 quanquam
745 2420 840 2480 etlam
862 2419 1007 2481 nonnulla
1027 2421 1059 2482 in
1081 2420 1239 2500 opinioni·
1358 2417 1359 2456 ι

150 2525 211 2588 hus
232 2527 371 2588 virorum
393 2525 556 2586 doctorum
571 2526 788 2587 enumerandis
802 2527 1016 2606 proferentur,
1035 2529 1082 2590 lta
1101 2547 1240 2609 egemus,

151 2637 188 2695 nt
214 2633 349 2714 primum
378 2632 418 2693 de
438 2634 601 2694 sententiis
626 2635 659 2695 in
678 2634 854 2714 iragmento
875 2635 1043 2715 expositis,
1075 2635 1116 2696 de
1142 2636 1240 2698 nehus

151 2739 198 2802 llrl
218 2742 359 2802 ιιιιιιιιι
374 2758 544 2820 earumque
558 2741 788 2802 tractandarum
809 2743 941 2818 ratione,
962 2747 1027 2804 tum
1048 2741 1091 2803 ale
1111 2741 1240 2804 licendi

151 2863 270 2928 genere
291 2856 324 2909 et
344 2847 482 2926 denique
503 2847 545 2909 (le
565 2849 698 2910 metrico
719 2849 826 2911 hahitn
848 2847 1045 2912 disseramus.
1096 2849 1239 2932 Arljicie-

150 2959 205 3016 ιιι
224 2961 370 3016 accurata
397 2953 490 3036 hujus
511 2955 679 3034 fragmenti
706 2964 777 3016 cum
797 2955 935 3035 Scylacis
963 2955 1090 3036 periplo
1111 2975 1238 3037 compa·

153 3063 244 3124 ratim
286 3061 528 3124 Praensouemns
549 3069 652 3124 tamen
673 3059 822 3138 lectores,
841 3079 898 3124 noa
920 3067 1065 3142 quantum
1084 3063 1159 3126 heri
1179 3081 1239 3144 po·

151 3169 214 3230 tnlt
234 3170 362 3245 mulsae,
382 3187 423 3230 na
443 3169 531 3232 locos
554 3171 608 3248 qui
630 3187 690 3250 per
709 3169 856 3244 librarios
875 3171 945 3232 sine
964 3170 1028 3232 nlla
1050 3169 1146 3232 duhio
1167 3189 1239 3233 cor-

151 3276 240 3357 rupti
260 3282 332 3342 sunt
346 3276 529 3360 excerptori
549 3277 627 3339 vitio
640 3282 845 3349 verteremus,
866 3295 1041 3356 quanquam
1055 3275 1239 3358 corrigendi

152 3399 264 3444 munus
283 3383 344 3444 hoe
375 3383 408 3446 iu
433 3380 609 3465 fragmento
640 3384 680 3447 ob
708 3385 807 3464 ipsias
832 3387 969 3446 auctoris
998 3386 1239 3464 perversitatem

122 3519 124 3526 v
152 3488 342 3550 arctioribus
361 3487 474 3552 linibus
495 3474 766 3570 circumscriptum
788 3507 857 3552 ease
877 3509 1050 3554 censemus.
1120 3513 1122 3518 ·

236 3595 329 3658 luitio
357 3598 530 3676 prooemii,
560 3597 645 3677 quod
673 3599 831 3678 aliquanto
859 3599 1000 3678 melioris
1023 3603 1121 3668 ,naue
1146 3616 1240 3679 quam

64 3690 66 3700 ’
152 3699 277 3782 uultque
297 3719 368 3765 esse
388 3695 532 3784 apparet,
552 3705 693 3784 scriptor
713 3723 784 3768 sesa
797 3706 967 3786 profitetur
979 3705 1241 3786 semperaliquid

153 3810 280 3890 proprii
301 3817 540 3891 componentem
560 3813 675 3892 lneque,
694 3812 729 3875 iol
751 3813 835 3893 quenl
856 3813 996 3876 nonnulli
1016 3811 1144 3890 iaciant,
1163 3814 1241 3876 alie-

154 3935 227 3978 unm
247 3915 389 3979 lahorem
416 3918 723 3994 aihi'vinaiiuantem
742 3939 823 3982 nunc
844 3921 946 4002 ipsam
965 3921 1122 3984 *Graeciae
1142 3923 1241 3984 totius

155 4021 400 4104 descriptionem
423 4026 608 4088 elaborasse.
650 4025 823 4109 Singularis
838 4035 941 4092 antem
962 4031 1041 4092 haee
1061 4030 1158 4107 ratio,
1180 4047 1242 4110 qua
1307 4097 1311 4108 ,

154 4147 190 4190 se
211 4147 300 4194 nsum
331 4148 399 4192 esse
427 4139 537 4193 auctor
556 4133 728 4212 gloriatur,
759 4154 820 4214 qua
845 4137 877 4198 in
894 4149 934 4200 're
955 4137 1150 4212 constiterit,
1181 4138 1242 4198 nisi

155 4233 239 4296 inste
268 4237 300 4298 in
329 4238 460 4302 maxima
481 4241 675 4304 tractationis
695 4242 902 4325 negligentia,
930 4245 1120 4324 investigare
1148 4243 1241 4308 uubis
