2734 4718
107 755 154 846 Ξ)
189 722 467 842 Frsgmeutum
499 755 609 818 iuter
638 749 957 818 bicsssrcbisns
992 751 1108 832 suigo
1136 770 1201 814 re-

108 849 248 946 fotum,
291 865 355 928 coi
388 860 631 926 inscribitur
666 845 900 944 ἀναγραφῇ
937 855 1012 922 τοῦ
1043 851 1202 945 Πηλίου

586 961 722 1052 ὄρους

193 1106 334 1173 Primum
356 1102 654 1186 quserendunrest‚
676 1121 740 1184 quo
759 1102 832 1184 jure
851 1101 1061 1183 fragmentum
1082 1099 1124 1163 de
1144 1101 1204 1164 Pe·

108 1213 155 1278 iio
176 1219 283 1292 monte
305 1212 523 1294 qusieonnque
545 1214 594 1270 est
608 1208 803 1270 iiicsesrcbo
817 1207 976 1271 Messenio
998 1207 1204 1271 sdscribstur.

109 1320 295 1390 Hoistenins
323 1337 359 1380 se
388 1316 423 1378 id
450 1315 660 1397 irrgmentum
687 1315 721 1376 in
741 1314 855 1376 codice
876 1317 968 1396 regio
988 1315 1131 1378 Parisino
1152 1333 1205 1378 rc-

110 1429 236 1508 perisse
263 1425 303 1486 sd
332 1425 526 1489 Peirescium
555 1423 708 1503 scriptum
739 1421 845 1498 dedit,
875 1422 934 1484 sed
961 1422 1121 1500 Maurius,
1151 1422 1206 1504 qui

112 1541 238 1598 ceteros
268 1534 337 1616 ejus
357 1533 417 1595 siri
448 1531 621 1594 doctissimi
647 1529 782 1594 scbcdss
802 1536 1020 1611 perscrutstus
1047 1532 1080 1592 in
1100 1531 1205 1592 iucem

113 1643 237 1720 edidit,
265 1661 359 1722 quum
387 1659 425 1704 es
446 1639 486 1700 de
507 1657 545 1700 re
565 1639 660 1719 piune
678 1640 788 1715 siiest,
815 1637 895 1700 nibil
921 1639 1015 1700 iniis
1036 1637 1122 1718 qnod
1142 1639 1206 1700 hnc

111 1754 273 1835 pertineri
298 1750 502 1830 investigasse
529 1745 664 1810 videtur.
714 1747 839 1810 Primus
867 1733 886 1807 e
918 1745 1030 1808 codice
1058 1746 1206 1808 (iudiuuo

110 1859 278 1923 Fabricius
299 1857 468 1937 exscripsit
488 1861 522 1917 et
542 1854 693 1918 Hudsono
719 1873 792 1916 cum
813 1855 929 1916 ceteris
950 1853 1208 1936 geogrspborunr

112 1967 310 2030 Graecorum
331 1965 486 2026 minorum
499 1962 644 2042 reliqniis
665 1960 823 2023 edendum
844 1961 1026 2038 intromisit,
1046 1960 1103 2024 scd
1124 1963 1208 2025 sicut

111 2076 185 2155 ipse
206 2072 368 2153 professus
394 2076 444 2132 est
464 2087 599 2149 eumque
619 2075 747 2132 secutos
766 2067 946 2130 iiodweiius
978 2067 1052 2130 diss.
1074 2067 1205 2144 dc2iiic.
1242 2060 1245 2066 ’

33 2163 38 2170 ’
111 2201 166 2263 cp.
188 2180 269 2242 (isid.
295 2199 327 2260 p.
347 2176 388 2240 41
417 2177 603 2252 offirmssit,
633 2177 770 2238 auctoris
797 2195 910 2239 nomen
937 2175 1115 2258 irsgmcnto
1143 2195 1207 2240 non

112 2286 331 2368 prscpositum
351 2284 422 2361 init,
443 2281 522 2344 nibii
536 2281 711 2364 prseiirnm
725 2283 785 2344 nisi
805 2283 915 2344 titoins
932 2273 1120 2370 ἀναγραφὴ
1143 2280 1209 2346 τοῦ

114 2389 247 2481 Πυλίου
270 2385 383 2475 ὅρους.
425 2393 513 2470 Quae
534 2409 629 2471 quum
650 2392 695 2454 its
715 2391 796 2467 sint,
817 2391 933 2473 conjici
954 2410 1049 2472 posse
1069 2391 1207 2469 videtur,

113 2503 144 2566 si
173 2503 243 2582 quis
270 2501 349 2564 siius
377 2501 517 2580 scriptor
545 2497 586 2560 de
612 2503 718 2560 monte
744 2499 834 2562 Pelio
864 2501 1068 2580 investigetur
1097 2499 1208 2578 inerit,

112 2610 185 2673 sliis
208 2608 392 2690 quibusdum
416 2605 590 2669 rstionibns
612 2606 851 2690 secedentibus,
879 2625 951 2668 enm
971 2609 1078 2688 potius
1098 2615 1208 2668 sucto-

113 2737 185 2780 rem
198 2719 267 2800 ejus
281 2717 362 2780 Pelii
376 2716 600 2796 descriptionis
620 2713 729 2776 inisse.
770 2714 920 2790 0ssnnns,
942 2733 1037 2794 quum
1055 2716 1089 2778 iu
1103 2715 1208 2796 Appii.

113 2825 190 2888 bist.
211 2825 253 2888 lo
279 2825 401 2888 buncce
430 2824 535 2886 iocum
555 2823 680 2904 legeret
704 2813 928 2907 Ἡρακλείδης
954 2815 993 2884 oi
1014 2817 1034 2884 ὁ
1056 2813 1207 2904 κριτικὰς
1271 2841 1273 2846 ·

115 2931 223 3016 (bunc
251 2933 335 2994 enim
362 2932 432 3014 ejus
459 2931 673 3022 conjecturum
692 2929 765 2992 loco
790 2929 935 3010 rnigstse
953 2920 1130 3016 Κρητικός
1157 2947 1210 2992 sr-

117 3039 301 3104 sicutissime
321 3032 520 3124 smpiector)
543 3034 580 3099 ἑυ
594 3036 646 3118 τῷ
667 3036 750 3120 περὶ
770 3042 842 3100 coin
864 3033 901 3099 in
918 3035 960 3123 τῇ
977 3024 1123 3098 Ἐλλάδι
1144 3029 1209 3098 rro'·

115 3140 209 3210 λεων
229 3134 321 3210 κατὰ
341 3139 382 3208 τὸ
400 3131 530 3230 Πήλιον
546 3137 630 3229 ὅρος
651 3134 805 3228 (piscini
826 3155 929 3230 popum
943 3134 1108 3206 ἄκανθαν
1123 3161 1209 3226 stap-
1332 3147 1335 3155 '

116 3245 305 3342 ποφόρου,
336 3231 376 3336 ἧς
404 3239 467 3315 cdo
493 3238 634 3331 καρπὸυ
662 3239 725 3313 ἑοὶυ
754 3251 883 3334 τρίψας
909 3245 983 3337 μετ’
1005 3244 1124 3313 ἐλαίου
1146 3249 1209 3313 καὶ

116 3348 247 3434 ὕδατος
278 3356 378 3444 χρίοῃ
404 3351 446 3422 τὸ
468 3353 579 3422 αὑτοῦ
607 3354 713 3442 (vulg.
734 3351 868 3443 αὑτοῦ)
898 3347 918 3444 ἢ
949 3349 1060 3421 ἄλλου
1089 3362 1208 3444 σῶμα,

118 3472 290 3557 χειμῶνος
319 3462 421 3542 ὄντος
442 3461 505 3530 οὐκ
527 3457 783 3552 ἑπαιοθήοεται
811 3465 874 3528 τοῦ
896 3458 1027 3551 ψύχους
1048 3471 1091 3544 et,
1111 3468 1209 3530 citsto

120 3595 249 3657 quoquc
269 3577 366 3642 Piinii
386 3575 458 3638 ioco
473 3575 504 3638 b.
518 3595 549 3638 u.
569 3575 636 3651 xii,
655 3574 687 3652 7,
709 3592 748 3636 cx
767 3580 876 3652 nostro
890 3573 1066 3657 irsgmento
1082 3556 1221 3658 φύεταο

120 3675 153 3744 δ’
181 3678 219 3746 e'n
253 3676 303 3762 τῷ
333 3674 404 3765 ὄρει
432 3682 490 3745 καὶ
512 3669 654 3763 ικοιρςτιλς
681 3674 839 3768 άκᾶυθῃς
866 3697 897 3743 κ.
925 3673 1006 3764 ιλ.
1034 3680 1210 3758 conferret,

121 3789 265 3872 ejusdem
293 3790 419 3853 fruticis
448 3797 585 3870 utroque
613 3790 685 3860 ioco
705 3791 896 3854 mentionem
925 3789 998 3851 iieri
1027 3796 1061 3850 et
1080 3789 1132 3850 v'ei
1153 3788 1210 3850 ds·
1308 3803 1312 3810 ·

120 3898 328 3977 scriptionem
351 3897 520 3977 utrobique
533 3897 666 3959 similem
686 3916 756 3960 esse
771 3897 1028 3973 animadvertens,
1049 3897 1212 3978 coniectu·

120 4023 189 4066 rsm
220 4006 253 4066 in
274 4003 411 4068 medinm
432 4005 573 4086 proicrri
593 4025 688 4087 posse
710 4006 912 4082 existiment,
943 4023 1004 4084 quc
1023 4003 1211 4068 Heruciides

122 4106 179 4202 (in
200 4113 323 4174 incerto
345 4118 448 4176 tumen
468 4113 618 4193 reliquit,
649 4119 752 4176 utrum
774 4113 815 4175 de
835 4113 968 4176 Pontico
989 4132 1028 4176 sn
1048 4113 1110 4175 ctio
1132 4132 1214 4194 quo«

123 4220 195 4284 dsur
233 4220 434 4304 copitscdum
468 4217 575 4310 esset)
611 4221 694 4287 Pelii
731 4219 978 4304 descriptionem
1012 4219 1212 4297 coniecisset,

922 4331 973 4410 26
