2728 4726
500 305 842 372 ..,..7..-..

962 385 973 422 J

125 499 292 576 praetcrea
312 469 395 574 q‘aaa
410 497 573 558 memoria·
594 485 958 575 otgaasrm'·ar'am³aa
978 496 1110 574 regione
1131 509 1219 556 moa-
1246 487 1254 504 '

124 603 222 678 tiam,
252 601 293 666 de
320 603 387 664 ooli
406 615 525 672 eornm
541 609 678 679 ,tramra,
709 602 951 670 deseminare
974 613 1011 665 et
1028 608 1136 665 cetera
1157 601 1219 662 huc

126 711 318 798 pertinentia
348 709 497 791 adjunxit.
555 705 743 774 Accoratn
775 708 892 771 deinde
923 712 1092 788 poetarum
1109 703 1220 771 'Grae-

126 833 235 882 corum
257 815 401 878 notitiam
423 811 644 896 prae-sedam
665 833 799 896 eamque
818 815 995 890 maalmam,
1016 816 1050 877 ld
1072 817 1158 897 quod
1178 836 1219 879 ox

126 927 272 988 univorsa
301 925 496 986 Graecorum
524 921 729 992 damantionis
756 915 885 985 radone
915 924 1124 1004 repetandam
1154 932 1220 996 est.

10 1091 11 1108 ,
126 1037 300 1096 carminum
328 1033 587 1108 Homericomma
615 1046 749 1113 quanm
774 1035 1031 1114 locosallegavit
1049 1041 1084 1094 et
1104 1034 1159 1100 nbi
1178 1033 1221 1094 de

10 1229 11 1242 ,
126 1142 318 1223 singularum
339 1141 509 1202 lectionum
531 1143 723 1221 praestantia
752 1143 937 1222 cogitavisse
959 1151 991 1201 et
1013 1141 1221 1220 disputavisse

10 1251 11 1262 ¹
126 1249 270 1311 ridetur:
306 1249 374 1309 Nec
396 1250 654 1310 non'ldesiodnm
676 1250 757 1310 hene
779 1255 908 1310 rrorerat
935 1269 973 1310 ex
995 1249 1128 1330 ejusque
1149 1267 1219 1310 car-

126 1357 263 1417 minibus
287 1355 391 1420 locum
420 1357 452 1416 in
484 1355 693 1416 describendo
726 1355 909 1417 felicissimo
940 1359 1066 1438 generis
1095 1356 1221 1418 humani

10 1467 11 1502 ³
126 1469 210 1526 stata
231 1463 393 1524 advocavit
414 1469 447 1524 et
468 1446 634 1542 explicuit}
673 1464 838 1524 Maximam
860 1471 980 1539 autem,
1000 1463 1035 1524 id
1055 1463 1138 1542 quod
1153 1465 1221 1525 sine

10 1593 11 1630 ι
127 1572 265 1632 monicae
287 1571 538 1632 consideratione
559 1571 632 1630 tiori
647 1589 706 1630 non
722 1573 846 1650 potuit,
869 1574 1034 1650 politorum
1048 1571 1221 1651 lyricorum
1242 1624 1244 1634 .

128 1686 162 1740 et
181 1679 342 1758 inprimis,
368 1686 404 1739 ut
433 1697 471 1738 ex
501 1679 684 1758 fragmentis
714 1681 918 1758 perspicuum
940 1686 1003 1752 est,
1035 1680 1144 1742 Alcaei
1165 1681 1222 1741 ha·
1342 1695 1353 1744 ,⁴

127 1788 198 1848 huit
219 1787 388 1861 rationem,
417 1787 507 1866 eujus
539 1787 570 1846 in
593 1787 730 1846 carmina
753 1789 1009 1846 commentarium
1030 1789 1222 1868 composuit,

127 1896 160 1956 in
191 1912 296 1972 eoque
322 1899 450 1972 praeter
479 1895 554 1953 alias
582 1912 636 1953 res
666 1893 872 1985 de.moribus
899 1895 1120 1996 symposiacir,
1162 1915 1222 1974 qua

129 2005 163 2063 in
184 2020 220 2062 re
242 1999 386 2060 nonnulla
408 2001 591 2063 illustrando
614 2009 687 2081 apta
708 2021 746 2062 er
769 1989 882 2062 Sicilia
899 1989 1010 2081 patria
1025 2001 1141 2062 offerre
1164 2023 1222 2082 po·
1299 2043 1305 2052 ι

130 2111 207 2185 tuit,
244 2107 319 2168 satis
354 2117 498 2168 accurate
533 2111 688 2187 exposuit.
742 2108 864 2184 Scolia,
899 2109 1055 2188 singulare
1089 2111 1222 2188 poeseos

127 2233 250 2297 genus,
272 2209 334 2294 quo
355 2215 409 2276 ille
430 2217 563 2277 Alcaeus
586 2237 676 2296 quam
699 2219 830 2277 maxime
852 2216 1020 2292 excelluit,
1042 2217 1124 2278 idem
1147 2232 1221 2276 cou-

37 2410 38 2416 ἵ
128 2319 300 2403 templatns
322 2329 484 2382 eteorum
506 2325 664 2384 notionem
686 2331 719 2384 et
741 2343 850 2384 eorum
872 2326 1127 2395 nominis-ortum
1151 2345 1222 2385 rec-

129 2430 250 2492 tissime
282 2429 470 2508 explicuisse
492 2429 630 2490 uidetur.
680 2431 907 2498 [decentissimo
930 2451 1055 2510 quoque
1077 2441 1237 2514 tempore,
1317 2495 1319 2502 ,

129 2537 318 2600 Dicaearchi
338 2537 396 2596 hoc
419 2537 459 2596 de
479 2556 522 2618 re¹
544 2539 699 2598 sententia
726 2541 744 2598 a
765 2539 978 2618 compluribus
1006 2535 1221 2612 viris'doctio,
1313 2571 1316 2576 -

130 2646 276 2726 inprimis
307 2644 441 2724 ilgenio,
474 2663 564 2722 quom
595 2647 726 2706 maxime
748 2645 922 2724 approbata
944 2652 1009 2720 est,
1036 2647 1119 2706 sicut
1147 2663 1222 2704 non·
1330 2721 1334 2731 Ι

10 2787 12 2812 ι
131 2753 234 2814 nullae
255 2754 334 2812 aliae
367 2753 435 2834 ejus
458 2755 641 2832 opiniones,
661 2753 762 2813 ¹verbi
794 2773 885 2814 causa
918 2753 958 2813 de
980 2753 1103 2832 cyclica
1124 2752 1222 2812 choro

129 2879 192 2941 per
215 2862 365 2922 Arionem
394 2859 583 2935 constituto,
609 2841 707 2930 ¹eliam
734 2861 796 2940 iam
827 2861 858 2919 in
878 2861 1065 2938 ,antiquitate
1091 2877 1223 2918 consen-

130 2988 198 3030 ιιιιιι
231 2969 396 3047 insignium
428 2968 567 3026 virorum
599 2965 855 3027 concilieverunt.
907 2969 1055 3026 Ceterum
1088 2973 1126 3026 et.
1145 2966 1223 3055 ipsis
1261 3047 1265 3059 1

131 3077 237 3156 positis
268 3075 447 3135 dramaticis
478 3082 511 3135 et
547 3077 722 3155 praecipue
749 3077 845 3136 rebus
874 3074 1070 3134 didascalicis
1095 3073 1140 3134 'ad
1169 3091 1241 3146 eos„

131 3181 366 3263 pertinentibus
397 3199 524 3260 opernm
557 3184 678 3242 navavit
707 3189 739 3243 et
767 3183 887 3261 aliquot
908 3181 1093 3243 Dicaearchi
1114 3183 1223 3242 ohser-

132 3292 289 3364 vationes,
319 3286 404 3378 quae
425 3289 553 3367 plurimi
585 3292 801 3366 aestimantur,
831 3289 871 3349 de
897 3279 1011 3350 fabulis
1041 3289 1225 3368 Sophoclis,

133 3395 298 3476 Euripidis
320 3385 352 3455 et
375 3386 593 3476 Aristophanis
615 3398 704 3458 nohis
726 3399 913 3478 superstites
934 3395 1013 3458 suut.

215 3503 349 3590 Dicendi
377 3522 497 3584 genere
526 3503 579 3566 hic
597 3495 656 3590 ,nir
687 3505 850 3566 doctrinae
877 3507 1029 3566 varietate
1057 3509 1090 3562 et
1110 3503 1223 3564 mentis

10 3657 14 3694 ,
133 3613 276 3674 acumine
306 3611 438 3705 insignis
465 3613 725 3674 excellentissimo
754 3631 827 3674 usus
854 3612 957 3673 inisse
990 3631 1027 3672 ex
1060 3611 1224 3706 Ciceronis

10 3729 11 3740 ³
135 3718 175 3780 de
196 3737 235 3780 eo
256 3719 400 3782 laudibus
422 3720 529 3800 colligi
561 3725 667 3800 potest
694 3740 730 3781 ac
753 3721 878 3781 concise
900 3725 933 3779 et
954 3723 1099 3779 accurate
1121 3725 1224 3784 tamen

10 3855 11 3890 ι
77 3833 81 3840 ’
133 3826 224 3888 simul
256 3832 290 3886 et
322 3827 491 3908 diligenter
522 3829 692 3908 scripsisse¹
720 3834 756 3889 et¹
782 3827 956 3890 delineasse
987 3825 1106 3902 et,id
1138 3825 1222 3904 quod

133 3951 172 3994 ex
193 3919 349 3995 nonnullis
370 3934 446 3996 locis
460 3942 617 4014 ,repetere
639 3935 731 4010 licet,
761 3934 911 4014 quaedam
940 3935 1059 3994 ironiae
1081 3939 1114 3993 et
1134 3950 1223 3993 acer-

132 4041 241 4102 hitntis
262 4042 460 4103 condimenta
490 4044 522 4104 in
539 4062 634 4134 ,ιιιιιιιι
655 4045 815 4104 vocavisse
842 4041 976 4102 videtur.
1027 4039 1222 4119 singularem
1292 4043 1324 4102 ’.

10 4223 16 4240 ι
133 4147 224 4212 ιΙίιιιι
245 4151 417 4223 rationem,
446 4169 526 4232 quae
556 4152 624 4234 ejus
655 4151 787 4232 propria
812 4147 911 4210 fuisse
933 4167 971 4208 ex
993 4147 1126 4226 quodam
1147 4146 1220 4206 rhe-
1313 4201 1315 4205 ,
