2734 4718
439 283 810 361 -lin-··

78 473 119 544 δὲ
146 483 208 546 καί
235 475 399 563 πελαγίαν
427 475 565 564 μᾶλλον
595 477 635 543 αλ
661 475 850 544 Πιτυοῦοαι
877 500 908 546 κ.
930 499 960 544 τ.
981 477 1013 545 λ.
1034 481 1165 546 ncnc.

79 613 114 674 p.
135 591 207 654 toi.
235 588 271 654 ἑν
297 583 461 677 μετευίρῳ
491 571 531 674 ἦν
559 589 580 676 η’
602 595 693 664 ναῦς.
723 587 811 654 άντί·
830 586 896 652 τοῦ
922 580 1089 674 πελάγιος
1109 589 1167 656 καί

78 691 129 788 μὴ
156 695 213 764 ἐπ’
246 697 410 784 άγκυρῶν
438 691 622 784 ίοταμίνρ,
656 689 750 787 ἀλλά
785 687 970 781 άπίχοὶνσα
1003 693 1167 786 ἡονῆς.

79 802 235 891 πλαγίαν
262 815 295 870 et
314 807 464 870 facillima
485 807 570 888 quod
591 805 631 870 ad
645 808 929 891 ¹polreographlam
955 813 1005 870 ert
1028 809 1170 872 mutandi

78 919 164 980 ratio
194 905 227 980 et
247 918 441 998 optinuimum
469 917 544 978 bule
565 917 636 979 loco
657 916 792 1006 praebet
816 933 962 980 aenium:
989 915 1169 997 „obliquam

78 1033 181 1110 totam
207 1025 325 1088 babens
355 1032 390 1087 ei
416 1043 560 1108 ruperam
590 1027 640 1089 rei
669 1031 812 1106 partem,
839 1019 1169 1090 inaniimversua

80 1135 294 1196 υοιιτετεευιίι
452 1125 453 1129 ’

165 1228 712 1323 πολυφάρμακόντίὲστε.
766 1237 1007 1321 Theophrastus
1044 1255 1170 1320 quoqne
1286 1237 1288 1241 ’

80 1348 157 1410 hiet.
178 1348 275 1428 plant.
295 1347 353 1423 ix,
383 1346 451 1408 lb:
480 1345 831 1434 φαρμακωδίστατον
855 1341 955 1410 τότε
977 1339 1106 1433 Πήλιον
1127 1338 1168 1410 τὸ
1253 1426 1254 1433 ¹

82 1449 120 1515 dv
146 1449 329 1534 Θετταλίᾳ,
351 1471 536 1532 quamquam
558 1453 898 1536 ejurarborir‚cu1ua
919 1455 1051 1516 virtuter
1070 1453 1171 1516 medl-

83 1564 176 1624 cinae
195 1561 399 1641 renuentibus
413 1559 529 1622 deinde
549 1562 654 1624 vorbis
667 1567 835 1645 tantopere
848 1561 1082 1644 praedicantur,
1102 1560 1171 1624 nnl-

82 1670 145 1732 lcrn
165 1669 357 1730 mentionem
378 1667 466 1730 lucii.

167 1769 274 1857 ἕχον.
322 1773 415 1853 Quod
436 1771 537 1836 codex
558 1773 687 1838 exhibet
707 1765 796 1858 ίχενν
823 1793 923 1856 aeque
943 1776 1035 1839 nihili
1055 1782 1105 1838 eei
1124 1783 1172 1840 at·

84 1904 157 1966 qne,
180 1882 266 1964 quod
286 1881 434 1946 lt'abricic
454 1882 622 1962 aliquando
642 1885 675 1946 ln
694 1889 800 1953 mente
819 1884 881 1946 init
901 1875 1073 1966 ἑχόντων,
1099 1903 1171 1946 cum

83 1984 282 2078 φαρμάκων
308 1991 454 2052 nimirum
484 1989 569 2069 qnod
591 1992 622 2051 in
645 1981 928 2077 πολυφάρμακον
956 1993 1172 2053 contineretur

83 2095 346 2182 conjungendum.
394 2096 486 2176 Quod
514 2095 598 2157 idern
627 2096 710 2158 liber
736 2115 792 2160 mr.
821 2097 956 2180 protulit
982 2095 1173 2184 κεχρῆσθαι

83 2209 199 2271 merito
226 2207 355 2268 lectioni
385 2202 537 2290 χρῆσθαι
565 2205 660 2266 cessit
688 2211 721 2267 et
749 2206 872 2269 nonnisi
900 2223 941 2266 ex
967 2205 1173 2286 praecedenti

84 2313 242 2396 partienda
268 2309 326 2376 καί
314 2319 456 2374 tortum
486 2311 584 2374 iniere
610 2311 746 2374 videtur.
794 2312 938 2375 llativnm
965 2313 1103 2392 deniqne
1123 2331 1172 2393 γι-

85 2411 260 2483 νώσκουσι
280 2423 314 2479 ei
327 2403 533 2504 δυναμένοις
546 2437 617 2480 cum
631 2407 768 2491 πολλάς
781 2409 861 2500 ἔχον
883 2409 1046 2506 δυνάμεις
1059 2420 1171 2480 aretia·

84 2533 164 2592 aime
186 2523 436 2610 conjungendum
456 2544 536 2605 eree,
557 2528 651 2588 etiam
672 2527 756 2588 omni
776 2528 1032 2607 interpunctione
1053 2527 1173 2590 sublata

85 2636 233 2698 indicaui.
275 2632 366 2696 Unde
386 2633 528 2696 Mancino
541 2633 634 2716 quod
649 2634 688 2704 iu
707 2634 811 2697 locum
823 2633 966 2716 vulgatae
987 2625 1085 2714 ὄψεις
1098 2651 1173 2714 ευρ·

86 2744 194 2824 poenit
216 2737 386 2823 ω’φελείας
407 2742 542 2818 babeat,
562 2743 680 2802 nennio.

171 2870 217 2932 μυ
205 2841 333 2910 ίανδί
354 2866 447 2911 τινα
468 2833 558 2928 ίχει
574 2839 975 2930 καίάλλαςάνομοί
963 2867 1064 2924 νους
1095 2849 1174 2912 cum

87 2959 274 3020 Buttmruno
294 2955 395 3033 lucio,
426 2958 481 3036 qui
509 2956 725 3039 conjecturam
754 2975 811 3082 een
840 2955 981 3018 Fabricii
1010 2973 1067 3018 reu
1095 2955 1175 3018 aliur

88 3170 213 3256 μοίους
234 3193 253 3234 a
273 3167 413 3250 Murrio,
441 3173 572 3236 Manain
587 3191 708 3236 necnon
728 3191 746 3233 a
768 3171 873 3234 Gallio
892 3173 926 3234 in
946 3173 1042 3234 lentie
1061 3189 1176 3252 recep·

88 3288 150 3342 trun
171 3281 370 3362 improbavit.
411 3282 525 3362 Neque
545 3283 628 3344 enim
642 3281 803 3362 explicere
824 3297 950 3360 poarem
971 3269 1082 3352 ἄλλος
1102 3284 1175 3342 ante
1210 3353 1213 3360 Ι

89 3380 251 3462 δυνάμεις
271 3387 462 3472 ἀνομοίους
482 3393 620 3472 positum
640 3407 743 3468 nequo
763 3388 989 3470 intelligerem,
1017 3387 1176 3468 quomode

88 3513 183 3557 unae
203 3496 333 3558 rationis
348 3499 493 3578 'scriptor
513 3499 558 3560 ita
577 3496 727 3580 proferre
740 3493 914 3576 potuireeic
935 3491 1019 3578 μίαν
1040 3487 1079 3557 δέ
1100 3513 1177 3560 τινα

89 3603 188 3667 intell.
210 3589 376 3686 δύναμιν,
397 3594 467 3691 ἥτις
490 3597 640 3683 ἔχεικαὶ
661 3595 771 3675 ἄλλας
791 3593 953 3684 δυνάμεις
975 3597 1177 3686 άνομοίους.

89 3710 205 3774 Seneca
232 3717 336 3774 antem
363 3713 529 3775 verborum
557 3714 589 3774 in
617 3711 731 3777 codice
751 3709 982 3787 exhibitorum,
1012 3711 1073 3773 nisi
1092 3709 1179 3772 forte

89 3807 250 3904 δυνάμεις
278 3822 497 3902 explicationis
525 3839 618 3882 cansa
649 3839 668 3882 a
694 3819 825 3882 librario
856 3817 1050 3900 adscriptum
1079 3817 1179 3879 iniero

89 3926 269 4003 notuimus,
296 3945 358 4008 pro
378 3929 511 4008 integris
533 3925 832 3990 considerandorum
852 3925 946 3988 hicce
968 3931 1035 3986 eet:
1066 3939 1179 4000 „unam

91 4038 194 4094 aciem
216 4033 368 4112 quandam
397 4036 493 4097 babet
513 4037 650 4116 plantum
677 4035 863 4097 medicinam
883 4051 962 4115 prae
983 4031 1052 4094 aliie
1074 4029 1180 4090 diver·

90 4141 132 4202 eir
152 4141 271 4202 ibidem
293 4142 392 4204 obriir
413 4143 598 4224 ineigncmf‘
649 4143 757 4207 Verbo
777 4141 964 4204 monendum
987 4136 1095 4200 eride
1116 4135 1181 4197 nri·

91 4249 241 4312 tattaalma
258 4247 453 4316 (indecorum
475 4251 686 4335 conjungendi
699 4251 822 4315 ratione
844 4241 958 4322 άλλως
979 4263 1016 4308 τε
1035 4246 1105 4318 καί,
1126 4242 1179 4306 bie
