2728 4720
506 275 603 290 --
654 229 877 308 456²*-

147 431 221 490 luce
242 431 357 490 clarius
381 428 543 510 cognitum
564 433 623 488 est.
664 421 730 486 Sed
752 423 973 500 nortmannus,
994 441 1049 485 seu
1071 441 1163 484 nares
1183 423 1243 486 ha·

148 537 203 598 het
230 538 356 598 obtusas
383 555 439 598 seu
469 533 619 616 singulari
648 534 726 594 artis
754 531 897 593 medicae
927 532 1043 610 peritia
1072 538 1105 592 et
1125 526 1243 594 suimet

147 643 265 706 fiducia
293 641 459 723 praeditus
490 649 557 718 est,
597 640 732 724 cadaver
758 638 860 700 adhuc
892 639 1054 718 respirare
1086 639 1243 703 exclamat

147 756 181 835 et
203 767 408 828 quaecunque
429 748 469 810 ad
488 753 645 808 mertuum
668 746 824 807 hominem
843 747 875 806 in
896 746 989 806 vitam
1010 744 1245 806 restituendum

112 841 115 848 ¹
148 833 296 919 advocari
331 862 462 935 pessunt
496 857 701 916 instrumenta
734 852 887 913 admovet.
947 853 982 914 ln
1014 853 1120 914 lahnli
1158 853 1245 912 enirn

147 968 182 1026 et
208 963 359 1026 Seelaodii
387 963 645 1044 ephemeridibus
673 961 868 1042 philologico
886 959 1139 1040 -paedagogicis
1170 960 1245 1022 anni

147 1071 422 1147 MDCCCXXXV‚
444 1071 664 1152 supplemento
686 1089 759 1152 pag.
780 1068 843 1130 369
862 1086 950 1148 supp,
977 1087 1069 1147 quana
1089 1069 1122 1128 in
1145 1087 1245 1147 quae·

148 1181 301 1242 stionihus
320 1179 498 1260 protulerat
525 1179 565 1238 de
588 1179 768 1258 cirographo
789 1178 1034 1241 Dicaearchiana
1055 1175 1245 1238 sententiam

97 1307 100 1320 ·
135 1287 243 1352 ,etiarn
273 1287 449 1346 accuratius
475 1285 590 1348 fulcire
612 1291 743 1346 conatus
771 1291 828 1346 est.
875 1283 910 1361 lu
932 1301 970 1344 ec
992 1290 1096 1343 tamen
1117 1284 1245 1362 opinio-

147 1411 220 1455 nem
235 1381 436 1472 'aliquatenus
457 1393 607 1461 mutavit,
641 1391 725 1474 quod
753 1409 861 1452 versus
883 1389 1069 1452 Dicaearchi
1090 1392 1246 1470 genuinos
1277 1409 1279 1418 ·

48 1576 50 1580 .
148 1502 180 1564 io
202 1501 382 1582 pedestrem
404 1501 578 1562 orationem
600 1501 718 1566 solutos
739 1497 838 1560 fuisse
866 1505 898 1559 et
920 1519 938 1559 a
957 1499 1096 1560 librariis
1118 1498 1246 1562 demam
1354 1505 1355 1508 ’

55 1644 58 1652 ·
149 1616 182 1668 ct
203 1611 314 1688 primis
329 1609 505 1671 editoribus
525 1610 558 1672 iu
579 1609 744 1689 pristinam
765 1607 897 1668 formam
915 1610 1078 1668 restitutos
1100 1627 1171 1670 esse
1193 1629 1245 1670 au-

82 1718 85 1728 '
148 1719 287 1796 spiratus
309 1723 366 1780 est.
418 1716 485 1796 Qua
506 1717 749 1780 inrestitueadi
770 1718 892 1776 ratione
913 1735 1105 1796 magnopere
1127 1735 1247 1795 pecca·

149 1835 216 1886 tum
238 1832 306 1886 esse
326 1825 465 1904 indeque
481 1826 679 1907 corruptelas
702 1843 782 1902 quae
795 1823 951 1884 nonnuliis
970 1823 1049 1884 locis
1064 1807 1248 1886 obtinerent
1354 1843 1355 1880 l

151 1931 352 2012 explicandas
373 1951 453 1995 esse.
496 1933 561 1994 llas
576 1932 776 2011 corruptelas
796 1931 958 1992 maximam
973 1937 1094 2010 partem
1117 1929 1159 1992 de
1180 1950 1248 1992 me·

152 2039 205 2100 dio
227 2041 341 2103 tollere
356 2041 555 2122 conjiciendo
570 2040 701 2116 studuit,
723 2037 807 2118 quod
824 2039 980 2118 quomodo
1002 2040 1033 2100 ei
1055 2041 1249 2100 successerit

152 2153 185 2205 et
206 2165 302 2226 supra
317 2146 523 2208 indicarimus
545 2152 578 2208 et
599 2145 682 2206 infra
702 2164 763 2226 per
776 2145 973 2227 anagraphes
987 2147 1248 2230 commentarium

152 2257 328 2316 accuratius
342 2254 537 2320 videbimus..
569 2252 661 2333 Quod
681 2259 784 2316 autem
806 2247 845 2322 iad
860 2256 1024 2316 metricum
1045 2255 1145 2324 uestri
1160 2255 1249 2335 lrag-
1354 2285 1355 2338 ι

47 2439 51 2446 ¹
151 2363 249 2423 menti
263 2361 414 2442 habitum,
435 2361 673 2426 concedendum
696 2359 896 2441 est-plurima
914 2380 995 2440 quae
1009 2361 1141 2422 liberius
1162 2361 1249 2422 facta
1354 2343 1355 2406 3

152 2476 225 2532 suut
252 2471 404 2551 exemplis
432 2473 625 2532 comicorum
657 2472 864 2532 excusariac
895 2469 1026 2534 delendi
1047 2489 1159 2550 posae3
1191 2469 1250 2530 sed
1310 2455 1319 2468 ⁰

154 2597 235 2664 quiae
256 2579 462 2664 Buttmannus
480 2579 723 2658 comparationis
747 2596 840 2640 causa
861 2579 966 2638 attulit
987 2596 1049 2639 non
1070 2579 1175 2640 omnia
1197 2597 1249 2639 ac·

153 2692 262 2746 curate
285 2686 439 2766 quadrant
459 2693 492 2748 et
514 2667 796 2765 quaedam-ulcera
817 2692 945 2752 restant.
958 2693 991 2746 et
1011 2686 1176 2748 restabant
1196 2688 1249 2750 vix

153 2795 313 2854 narrabilia.
354 2795 487 2858 Frustra
501 2801 573 2864 sunt
587 2813 668 2874 qnae
689 2792 729 2853 ad
745 2779 966 2874 praestantiam
990 2773 1147 2875 prooemii
1162 2813 1249 2854 com-

153 2901 346 2980 probandam
360 2900 677 2982 philosophicamque
699 2902 767 2987 ejus
781 2902 935 2984 rationem
952 2902 1031 2962 locis
1047 2902 1249 2983 Aristoteleia

154 3009 313 3089 congestis
334 3007 605 3090 demonstrandam
628 3009 809 3088 disputavit,
832 3027 912 3086 quae
934 3007 1164 3082 adlectionem
1188 3026 1248 3070 πε-

38 3146 40 3152 s
153 3105 292 3198 n'dvpact
321 3121 354 3176 et
375 3106 666 3198 ὑποταττομένας
693 3116 907 3176 illustrandam
935 3117 1082 3196 exposuit
1111 3123 1251 3196 atquae

155 3220 196 3296 de
209 3223 314 3284 verbis
329 3209 479 3305 δύναμιν
500 3211 645 3304 ἰσχυρὰν
660 3213 740 3304 ἕχον
756 3221 926 3286 adnotavit.
966 3223 1139 3284 Praeterea
1154 3236 1251 3302 quum

154 3327 215 3388 alia
235 3334 300 3398 tom
320 3329 465 3409 inprimis
486 3321 642 3410 eafulilia
663 3335 743 3404 sunt,
765 3306 846 3406 quae
866 3328 939 3390 idea
961 3329 1096 3408 protulit
1117 3336 1153 3390 ut
1174 3349 1250 3410 geo·

154 3433 340 3513 graphicum
369 3435 524 3522 ejusmodi
546 3435 766 3516 compendium
788 3443 1061 3516 argumentaretur
1081 3455 1154 3498 cum
1176 3427 1251 3499 cru·

156 3538 276 3600 ditione
288 3540 478 3604 Dicaearchi
498 3550 646 3624 tempore
666 3543 790 3623 vulgata
811 3561 873 3604 uon
894 3561 1060 3624 pugnasse,
1081 3543 1251 3622 Scymnum

156 3646 268 3714 Chium
298 3647 472 3728 posteriori
509 3657 655 3730 tempore
683 3653 776 3712 etiam
809 3654 929 3714 minora
952 3653 1155 3732 ‚praestitisse
1184 3653 1251 3714 aui-

87 3751 89 3756 ’
154 3755 363 3846 madvertena.
410 3756 528 3838 Neque·
548 3766 652 3821 tameo
673 3761 792 3820 animus
814 3767 861 3822 est
883 3761 957 3822 talia
977 3761 1122 3822 relatore
1144 3779 1250 3839 neque

68 3895 69 3900 ¹
155 3860 360 3938 Dicaearchi,
385 3861 564 3928 ‘doctissimi
586 3873 620 3928 et
641 3869 901 3948 praestantissimi
923 3869 1112 3948 scriptoris,
1143 3887 1250 3930 manes

63 3973 64 3976 ’
154 3959 282 4030 irritare
309 3970 360 4032 rel
380 3990 441 4033 ono
463 3973 596 4053 amplius
618 3975 719 4036 ¹rrcrlro
743 3975 782 4037 de
805 3977 996 4055 nequissimo
1018 3977 1140 4055 scripto
1164 3974 1250 4056 qaod
1354 4027 1355 4060 a

155 4077 217 4158 ipsi
240 4077 481 4144 adscribendum
502 4087 556 4144 aut
576 4080 818 4166 abjudicandum
840 4083 882 4150 sit
903 4081 1108 4164 proferendo.
1354 4061 1355 4090 ἢ
