2728 4726
464 310 561 320 *-
627 295 839 346 vll-

107 492 224 543 uerum
250 472 294 539 sit
323 475 417 538 recto
432 467 556 556 judicio
577 468 795 559 indagavisse
815 468 946 556 opiner,
963 467 1013 534 'ut
1034 484 1128 534 nemo
1150 481 1204 532 me

109 573 227 642 melius
248 571 383 658 sentiat,
403 587 500 659 quam
521 572 636 658 procul
655 589 679 646 a
696 569 763 640 nnc
784 569 949 656 proposito
971 567 1204 634 aberraverint.
1322 599 1327 610 v

108 674 298 744 Voluisscm
317 670 409 738 libris
438 689 491 738 me
510 671 742 758 manuscriptis
771 671 818 738 uti
837 670 1000 756 potuisse,
1030 664 1092 734 sed
1119 685 1205 734 unus

107 774 152 844 tle
180 776 274 860 cujus
303 772 412 838 salute
433 776 467 838 et
487 769 570 838 sede
591 775 789 859 conpertum
811 763 885 855 θεῖ’,
913 770 1129 846 Monoocnu'r,
1150 767 1207 853 qui

107 879 143 941 J.
167 877 205 939 a.
227 877 404 938 Herouortr·
421 872 496 938 olim
516 873 624 938 iuerat
645 878 680 938 et
701 889 774 938 cum
793 867 991 936 bibliotheca
1005 867 1207 952 Argustana

105 973 320 1046 Monachiam
340 971 524 1040 translatus
545 978 615 1057 est,
647 969 874 1038 recentissimo
895 973 1042 1056 tempore
1063 967 1113 1034 bis
1134 967 1207 1036 col-

107 1075 200 1140 latus
221 1079 285 1161 est,
306 1075 440 1160 primunr
460 1071 654 1138 aWcrlcro
675 1072 709 1145 iu
722 1069 843 1144 Marxii
863 1087 956 1136 usum
976 1073 1011 1136 et
1031 1065 1209 1134 secundum

105 1193 129 1240 a
150 1164 333 1262 Spengclio
354 1192 414 1260 pru
436 1171 654 1258 Buttmann,
682 1188 790 1257 neque
818 1187 896 1236 esse
922 1167 1030 1238 adbuc
1049 1168 1208 1254 intellexi,

107 1273 197 1361 quod
218 1272 262 1339 de
274 1271 446 1360 diligentia
460 1289 572 1338 earum
588 1263 795 1338 collatio'num
809 1268 1004 1336 dubitemus.
1046 1263 1118 1349 Quo
1134 1270 1208 1336 loco

109 1382 148 1441 et
177 1393 241 1461 quo
270 1379 361 1440 statu
389 1373 493 1444 ceteri
522 1371 639 1458 quibus
660 1371 879 1438 llocscbclius
901 1389 982 1436 usus
1002 1375 1055 1436 est
1077 1367 1210 1436 codices

111 1475 290 1544 Omuabora
315 1479 349 1540 et
376 1475 523 1538 Patarea
546 1469 643 1540 hodie
663 1478 860 1557 versentur,
887 1471 1006 1557 ignoro
1034 1487 1142 1556 neque
1157 1466 1210 1534 'ml

111 1570 378 1660 comperiendum
406 1573 547 1638 animum
575 1588 779 1660 magnopere
799 1568 947 1656 adverti,
979 1589 1075 1656 quum
1097 1587 1211 1638 omues

110 1673 188 1739 illos
207 1673 312 1740 libros
333 1691 377 1738 ex
397 1691 462 1738 uno
475 1671 565 1738 fonte
586 1688 761 1738 emanasse
776 1688 847 1738 cum
862 1671 1061 1738 liuttmanno
1083 1676 1117 1736 ct
1136 1671 1211 1738 aliis

110 1774 195 1840 viris
216 1771 323 1840 doctis
343 1773 574 1840 consentirem.
624 1772 677 1838 hio
697 1771 772 1857 plus
793 1769 969 1854 adjumenti
994 1771 1036 1837 ab
1057 1770 1132 1836 aliis
1152 1787 1212 1836 co·

110 1870 251 1958 dicihus,
271 1889 407 1959 quornm
427 1869 548 1938 nullam
568 1869 644 1938 dum
664 1871 812 1940 notitiam
833 1869 1003 1962 hebetans,
1023 1871 1213 1957 exspectari

114 1976 253 2058 poterat.
294 1970 370 2038 Duo
390 1970 620 2038 Dicaearchca
638 1971 845 2059 fragmenta,
866 1971 1005 2040 alterurn
1027 1973 1213 2059 prosaicum

115 2069 216 2138 Vitae
228 2069 402 2158 Graeciae,
413 2072 552 2140 alterum
567 2064 759 2161 άναγραφῆ
771 2073 830 2161 τῆς
841 2064 1008 2148 Ἑλλάδος
1021 2071 1213 2158 inscriptum

112 2188 301 2258 quanquam
322 2189 367 2240 cx
383 2173 498 2258 majori
518 2177 644 2239 tuntum
664 2179 773 2258 parte,
793 2173 915 2258 primus
929 2173 1111 2238 Matthaeus
1123 2172 1214 2236 Bad-

114 2274 218 2338 duem
233 2272 363 2338 ltaliam
383 2289 573 2360 peragrans
594 2289 682 2342 anuo
703 2273 789 2338 158⁹
807 2273 843 2344 in
863 2269 978 2340 codice
998 2259 1136 2359 quodam
1157 2289 1214 2338 re-

53 2377 56 2384 “
113 2372 201 2458 perit
225 2373 427 2458 Hemicoqaa
454 2373 615 2460 Stephano
641 2373 816 2462 commisit,
848 2375 902 2460 qui
932 2391 1006 2440 cnm
1027 2371 1215 2440 Casauboni

114 2471 205 2538 notis
232 2472 329 2536 leae.
361 2467 481 2559 edidit,
511 2488 597 2558 quae
624 2467 721 2540 editio
751 2473 786 2548 in
813 2471 961 2540 thesauri
989 2473 1215 2558 antiquitatum

115 2567 323 2636 Graecarum
350 2569 554 2638 Gronoviani
582 2576 670 2638 tomo
691 2571 746 2639 XI
765 2569 885 2642 deinde
905 2591 959 2640 an.
977 2577 1075 2640 taba
1095 2591 1230 2642 recusa.

117 2676 180 2736 est.
221 2670 303 2736 Non
322 2670 370 2736 ita
389 2671 489 2738 mulio
509 2676 586 2757 post
600 2673 804 2738 Hococbaiiua
824 2673 916 2739 libris
937 2693 1018 2760 quos
1038 2671 1105 2738 (lixi
1119 2678 1216 2740 utens

123 2771 354 2857 manuscriptis
385 2776 419 2838 ct
444 2768 604 2856 reliquam
636 2770 712 2840 inde
741 2771 956 2860 anagraphcs
986 2770 1030 2839 de
1051 2771 1153 2838 Creta
1182 2778 1217 2838 et

120 2865 322 2956 Cycladibus
351 2866 621 2957 Sporadibusquc
650 2871 766 2938 insulis
795 2877 920 2958 partem
948 2872 1155 2960 stubjungens
1182 2874 1215 2937 in

117 2967 224 3036 lucem
239 2969 346 3036 emisit
359 2969 524 3058 Augustis
538 2969 793 3040 vindelicorum.
814 2975 906 3036 abab.
948 2972 1051 3040 Marito
1070 2982 1217 3060 tempore

117 3069 294 3153 interjecto
314 3071 482 3138 Hudooouc
510 3070 545 3136 in
565 3073 833 3160 geographorum
860 3091 993 3140 sucrum
1015 3072 1218 3140 Graecorum
1340 3093 1345 3105 ’

116 3169 279 3236 minorum
307 3168 470 3237 volumine
498 3171 604 3238 altero
625 3173 756 3261 repetiit
778 3175 877 3260 17⁰8,
905 3170 1105 3260 accedente,
1133 3171 1219 3258 quod

117 3285 140 3333 e
161 3265 440 3336 collocandam
461 3267 662 3360 descriptum
676 3273 850 3342 Fabricius
871 3275 1111 3361 transmiserat,
1133 3291 1218 3340 ana-

116 3366 272 3454 graphes
300 3367 381 3434 Pelii
409 3363 607 3460 fragmento.
661 3371 779 3441 Denuo
807 3370 925 3442 deinde
954 3376 988 3440 in
1019 3377 1219 3442 Zocimodum

118 3470 375 3554 geographorum
395 3473 576 3539 collectione
604 3475 833 3542 Vindoboneasr'
851 3493 977 3542 excusa
998 3480 1085 3560 sunl,
1107 3475 1219 3561 primis

119 3569 219 3651 hujus
246 3569 372 3635 saeculi
400 3571 496 3636 annis
525 3570 652 3665 (1816)
680 3577 754 3642 sinc
775 3575 842 3642 ulla
859 3575 942 3643 ¹iere
962 3591 1047 3642 sana
1068 3576 1145 3642 crisi
1160 3577 1219 3642 in·

120 3667 246 3734 stitnta.
290 3664 437 3736 Omnium
452 3677 570 3758 postea
590 3677 708 3761 optime
722 3675 863 3740 Meierue
877 3676 1023 3742 Murciae
1041 3679 1075 3741 in
1098 3671 1220 3743 reeen-

121 3763 236 3832 seutlis
266 3769 337 3834 *illis
367 3769 562 3859 fragmentis
589 3780 746 3840 versatus
767 3780 837 3862 cst,
869 3775 902 3841 in
932 3777 1028 3841 tertio
1060 3774 1220 3842 Greuzeri

120 3867 361 3934 meletcmatum
383 3870 546 3938 volumine
568 3872 656 3960 Lips.
679 3875 763 3938 1811)
777 3875 948 3944 exhibens.
980 3874 1106 3942 blodcm
1132 3893 1219 3942 anno

105 4047 110 4056 η
127 3967 212 4030 Gaii.
228 3967 339 4032 Moram·
355 3967 529 4036 editionem
543 3968 852 4062 Dicaearchcorum,
874 3991 958 4061 quiae
979 3976 1022 4041 ob
1042 3975 1219 4044 Holstcnio

124 4065 286 4150 quondam
307 4074 484 4155 apparata,
505 4072 676 4138 immatura
696 4081 807 4141 autern
828 4077 900 4159 ejus
922 4082 1024 4142 morte
1046 4074 1219 4141 retardata

123 4163 241 4254 lucrat,
263 4169 333 4233 suis
354 4171 441 4236 curis
456 4171 638 4238 absolutam
659 4161 770 4240 edidit
812 4173 932 4239 Tribus
953 4175 1049 4238 annis
1063 4179 1218 4259 practer-

124 4263 236 4354 lapsis'
256 4267 414 4336 Calidonia
451 4269 569 4338 librum
604 4290 705 4361 supra
739 4273 920 4362 allegatum
955 4277 989 4338 ct
1020 4287 1107 4336 anno
1135 4271 1218 4334 1828
