2734 4718
515 254 637 336 l····—'-
688 247 910 356 eoo*-

175 457 393 550 detorquendo
414 471 671 536 consuetudinem
692 471 875 536 reterenus.
917 443 1030 562 ideque
1054 472 1198 538 omnibus
1217 478 1270 538 tc·

81 585 84 590 “
172 595 244 640 men
272 579 312 640 iis
338 579 417 642 iocis
437 579 470 641 iu
490 578 681 643 terminandi
709 585 743 642 et
767 580 847 642 tineo
869 580 1082 644 constituendi
1108 581 1272 662 significe-

109 763 112 770 ,
144 735 146 742 ι
171 687 275 764 tione,
307 703 369 768 qus
390 679 573 770 ἀφορίζειν
593 687 639 752 ibi
660 687 778 766 utitur,
799 687 990 750 extendendi
1011 669 1172 757 notionem
1191 689 1272 752 snb·

172 810 242 854 ecre
263 795 443 876 negauerim
459 793 608 889 idemque
630 795 690 876 ego
704 794 917 858 eruditissimo
940 795 1041 859 (ictio.
1053 796 1273 858 concesserim

171 893 354 984 ἀφορίζειν
375 899 461 984 opud
474 902 636 983 npoiionit
650 901 769 965 Rhodii
782 900 971 967 scholtostcn
991 904 1015 980 1,
1035 903 1057 965 4
1078 898 1272 988 ἀφορίζων
1320 908 1327 925 ’

65 1040 69 1048 ·
172 997 260 1068 αὐτὸ
282 999 339 1088 (τὸ
352 1000 491 1090 Ἄργος)
519 1008 581 1094 τής
601 1003 872 1096 Πελοποννήσου
895 1009 1088 1072 excludendi
1103 1012 1273 1075 notionem

171 1115 351 1196 occepisse,
372 1114 406 1176 id
428 1115 513 1194 quod
534 1133 573 1197 er
594 1115 736 1197 principi
756 1117 787 1179 ri
807 1117 1052 1198 praepositionis
1074 1111 1166 1190 ἀπό,
1188 1136 1272 1199 qoe-

131 1239 138 1252 ·
170 1239 241 1284 enm
254 1223 384 1285 verbum
394 1223 675 1316 compositumlest,
687 1205 896 1304 repetendum
910 1241 981 1286 esse
995 1229 1093 1304 potet.
1112 1223 1271 1288 Nostrum

171 1336 274 1410 cotem
294 1331 399 1393 iocum
420 1336 516 1410 etque
536 1329 633 1392 uerbo
652 1347 692 1392 cx
712 1329 793 1392 rein
825 1330 979 1411 descripti
999 1330 1178 1412 fragmento
1203 1325 1270 1419 μέ-

169 1455 228 1522 χρι
250 1429 320 1501 τοῦ
337 1427 539 1524 ’Μαγνήτων
561 1431 743 1524 ἀφορίζων
766 1452 926 1525 σταμτου
949 1455 1019 1500 eum
1040 1439 1104 1502 tioe
1124 1441 1270 1521 prosaici

169 1533 271 1610 nostri
297 1545 465 1626 fragmenti
492 1533 553 1624 τήν
583 1537 621 1607 oi
645 1537 801 1607 Ἐλλάδα
829 1539 1066 1629 ἀφορίσαντες
1094 1533 1162 1620 ἕως
1192 1553 1268 1612 τοῖν

175 1646 364 1720 Θετταλῶν
396 1667 560 1736 οταμπου
589 1652 650 1713 καὶ
671 1651 736 1716 τοῦ
758 1634 957 1738 Μαγνήτων
975 1645 1136 1739 ‘opetum
1165 1654 1269 1720 cobio-

96 1803 99 1830 :
170 1767 278 1828 euntes
298 1759 587 1844 suspicemur‘iere
608 1776 738 1822 neeesse
759 1764 818 1836 est,
840 1758 917 1822 duos
932 1757 1005 1820 illoc
1024 1759 1112 1824 iocos
1132 1759 1268 1828 detrun-

170 1877 257 1936 cctos
278 1888 357 1934 esre.
389 1868 509 1947 'Quum
536 1884 613 1930 vero
642 1867 675 1928 in
696 1865 859 1928 codicibus
879 1866 997 1928 nulium
1018 1867 1113 1948 picus
1132 1867 1269 1932 laeuone

169 1981 292 2060 siguum
312 1979 512 2062 reperiatur,
540 1977 663 2055 etiamsi
683 1975 823 2037 Murrius
845 1981 879 2036 et
900 1975 1021 2038 (isitius
1040 1977 1072 2039 in
1093 1978 1269 2042 uerborum

38 2135 41 2140 ,
153 2093 349 2149 nostrorum
378 2088 525 2146 contextu
546 2090 621 2164 post
642 2076 803 2169 σταμιτου
825 2078 1021 2146 οιΜιιιιίιιιξ
1040 2074 1115 2165 pust
1136 2079 1269 2168 ἀφορί-

173 2189 245 2271 ζων
274 2197 466 2273 posuerunt,
495 2191 680 2272 conjecture
708 2190 741 2251 in
768 2195 919 2270 promptu
940 2191 1001 2252 sito
1021 2195 1087 2268 est,
1117 2211 1180 2272 quo
1209 2211 1267 2256 ex·

171 2305 353 2382 cerptorem
373 2292 601 2362 occurriturem
631 2297 735 2359 iocum
764 2297 818 2376 qni
839 2315 921 2360 nuuc
942 2295 1069 2378 quidem
1089 2296 1267 2380 fragmenti
1362 2315 1363 2345 ι

108 2439 110 2445 ·
169 2415 348 2492 postremus
369 2413 417 2472 est
436 2405 610 2471 inbrevius
630 2404 790 2470 effinxisse
805 2406 1044 2468 existimemur.-
1066 2405 1181 2487 Neque
1204 2408 1267 2472 du·
1361 2451 1362 2465 ,

136 2513 139 2518 ’
169 2517 272 2581 bitere
300 2535 480 2598 possumus,
520 2517 596 2596 quin
630 2520 771 2586 nostrum
801 2513 905 2577 locum
931 2519 965 2576 et
994 2511 1077 2576 Pelii
1104 2513 1266 2598 descripti
1360 2525 1361 2532 ’

169 2625 266 2688 verbe
287 2625 400 2687 critice
427 2623 630 2688 constituturi
656 2627 729 2684 cute
750 2623 853 2686 omnio
883 2621 924 2685 de
945 2623 1032 2684 exito
1052 2624 1152 2684 nostri
1171 2622 1266 2706 frog·
1359 2669 1360 2707 γ

168 2733 267 2795 menti
294 2729 492 2793 restituendo
518 2735 640 2792 certum
663 2725 821 2812 judicium
842 2729 933 2791 nobis
953 2729 1121 2792 edomuere
1142 2730 1265 2794 debec-

10 2809 47 2916 μ,
91 2874 93 2878 ·
169 2859 246 2904 ιιιιιι.
298 2839 385 2918 Quae
410 2838 456 2899 ibi
483 2838 517 2899 in
546 2829 709 2899 codicibus
734 2836 860 2917 'prolate
887 2843 936 2899 est
963 2836 1061 2900 tectio
1092 2853 1263 2920 σταμιτου
1357 2879 1358 2898 ι

125 2987 134 2998 -
168 2949 234 3026 rel,
263 2948 346 3028 sicut
367 2964 406 3008 ex
426 2945 579 3026 Stepbuni
600 2951 709 3007 uortro
729 2944 864 3008 iocose
884 2937 1003 3032 ἄμποο
1025 2946 1184 3026 reperisse
1206 2965 1263 3008 re·
1356 2983 1357 2988 κ

168 3054 302 3117 terentis
322 3053 521 3130 cunctatione
535 3050 662 3127 efficio‚'
674 3042 794 3135 ᾰμπου
817 3057 851 3114 et
871 3052 910 3114 eb
925 3051 1068 3114 omnibus
1081 3051 1263 3116 editoribus

169 3166 337 3246 despertte
356 3161 419 3224 init
439 3165 473 3223 et
493 3159 618 3222 omnbuo
637 3155 835 3238 desperando
855 3162 905 3220 est
924 3163 1020 3238 etque
1039 3176 1102 3239 pro
1122 3177 1262 3242 corrup-

167 3273 231 3336 tele
246 3267 429 3354 judicando,
451 3285 532 3348 quoe
553 3285 647 3358 quom
662 3283 724 3327 uno
744 3264 815 3326 ioco
836 3283 855 3326 ιι
874 3263 1012 3327 librariis
1025 3270 1158 3346 recepte
1172 3271 1263 3329 esset

166 3379 299 3464 reliquis
321 3393 447 3456 quoque
469 3371 584 3434 deinde
605 3371 726 3434 duobus
746 3371 866 3433 intruso
885 3369 993 3434 inerit.
1037 3371 1135 3454 Cujus
1154 3373 1188 3435 iu
1209 3371 1260 3438 io·
1352 3439 1353 3442 Ἴ

56 3495 59 3498 ’
138 3505 238 3550 cum
263 3501 445 3563 quenquam
477 3480 575 3542 mutto
599 3477 712 3540 cdcunt
739 3495 819 3558 quoe
839 3474 986 3540 substitui
1006 3480 1145 3558 possint,
1172 3481 1261 3544 sicut
1350 3549 1352 3560 A

34 3625 39 3636 ·
79 3594 82 3598 '
166 3591 306 3682 καμιτῇς
328 3590 368 3653 de
386 3589 549 3653 'ibessclie
570 3585 726 3650 orientem
746 3603 856 3646 versuo
876 3582 990 3646 iudexc
1007 3585 1259 3668 inteiligendorm

166 3695 296 3784 ἄγκους
324 3697 365 3760 de
392 3695 543 3777 Temperi
570 3693 705 3758 fortusse
732 3691 1026 3772 interpretandum,
1064 3697 1206 3776 στομίου
1237 3715 1258 3758 ιι

165 3807 381 3873 zosimouions
409 3801 648 3884 comprobatum
674 3799 868 3878 comiteque
889 3797 930 3860 de
950 3799 1056 3862 Peneo
1077 3801 1173 3864 fluvio
1193 3821 1257 3884 per

97 3894 102 3902 ⁴
164 3913 347 3981 Tbessolicc
366 3910 489 3990 Tempe
516 3907 605 3988 iopro
632 3911 666 3968 et
696 3905 728 3966 iu
749 3923 835 3966 mere
857 3890 972 3968 deiude
993 3907 1179 3970 effundente
1200 3927 1256 3972 er·

164 4019 361 4104 plicendum‚
390 4015 554 4102 ποταμοῦ
584 4011 624 4074 cd
645 4013 783 4076 Peneum
810 4010 1034 4090 referendum,
1062 4021 1096 4076 et
1116 4015 1177 4078 ciis
1196 4035 1255 4078 no-

163 4129 249 4190 mino
269 4122 474 4207 appellative,
494 4135 607 4180 nomen
627 4123 730 4180 tomen
752 4113 918 4199 propitum
940 4119 981 4182 ob
1001 4123 1168 4199 sequeutia
1187 4128 1254 4184 τοῦ

167 4223 365 4318 Μαγνήτων
375 4218 541 4310 Ὀμολίυυ
556 4241 661 4306 prope
676 4224 862 4295 desiderori¹
874 4243 989 4324 censeo
1003 4225 1100 4308 idque
1115 4229 1253 4294 omnium
