2728 4726
483 296 829 363 mugi——

113 479 289 562 conahatur.
340 451 409 568 Quo
430 485 493 548 hac
515 501 642 564 quoque
664 486 820 566 pertinet,
850 485 934 566 qnod
957 485 1201 568 phitamphanat

112 597 244 660 atualinrn
281 595 327 658 alr
355 594 541 658 ambulando
577 613 635 676 per
670 595 851 674 porticum,
885 596 968 658 alent
1002 597 1201 678 puhlioornm

106 703 272 767 'munerum
293 697 592 768 aliminiatrationam
606 717 633 766 a
654 705 858 768 declamando
879 713 912 766 et
932 707 1148 770 tumultuando
1169 710 1204 770 in

11 897 12 904 ἵ
113 815 308 874 comitiorum
338 814 494 894 aaggeat'nt
519 815 667 876 immunia
695 833 764 874 aaae
795 815 991 898 existimauit.
1042 815 1090 876 lix
1118 817 1204 876 vitae
1234 865 1242 888 ,

112 907 293 1000 praeceptis
322 938 403 1000 qnae
431 922 683 1002 praeclariaainta
712 922 851 984 edidisse
883 922 1037 1002 putandua
1066 929 1115 984 eat
1140 923 1205 985 hoc

111 1046 203 1090 nuum
225 1030 316 1090 nohia
337 1031 483 1090 relictum
506 1037 571 1106 eat,
596 1030 680 1110 qnod
696 1031 848 1091 honorum
863 1028 1047 1106 amicitiam,
1068 1033 1205 1096 omnium

111 1146 213 1199 antem
236 1138 395 1200 hominnm
416 1139 557 1201 lavarem
580 1139 809 1200 conciliandam
832 1157 901 1200 eaaa
920 1139 1062 1201 docehat.
1104 1141 1205 1219 Quum

110 1265 215 1309 acram
246 1247 456 1308 eruditionem
487 1249 645 1326 animique
667 1247 786 1309 cnltum
808 1249 917 1310 intimo
940 1250 1041 1309 animo
1069 1249 1207 1328 amplec-

113 1361 252 1432 teretur,
280 1357 312 1416 in
334 1337 533 1416 cacerdotam
555 1357 729 1436 praecipue
750 1355 879 1418 francica
906 1375 943 1417 ac
964 1355 1116 1437 aingnlari
1138 1357 1207 1436 qni-

11 1449 13 1538 ἷ
111 1464 181 1524 alem
210 1465 393 1543 nonacriptn
431 1464 539 1524 libello
566 1465 707 1524 invectua
744 1471 813 1534 eoae
845 1463 991 1540 videtur,
1032 1483 1206 1544 quanquam

11 1597 12 1600 ¹
111 1574 234 1634 aluohua
256 1573 455 1634 divinationis
476 1575 647 1654 generihna
674 1575 779 1634 locum
805 1575 1042 1638 concedendum
1065 1593 1134 1636 erae
1156 1593 1207 1638 ar·

11 1699 14 1714 ’
110 1681 243 1742 amatus
264 1685 328 1755 eat,
358 1681 450 1742 alteri
479 1681 565 1760 quod
588 1696 649 1760 par
668 1700 823 1757 somnum,
853 1683 945 1742 alteri
967 1682 1050 1760 quod
1075 1683 1205 1744 deorum
1231 1693 1232 1698 ’

110 1787 193 1850 dono
222 1793 259 1850 et
287 1789 471 1870 inapiraualo
507 1791 672 1851 confieret.
723 1790 859 1851 Luxuria
895 1797 996 1850 autem
1027 1797 1059 1850 et
1085 1801 1207 1852 morum

111 1898 339 1978 corruptione,
372 1891 434 1975 qna
454 1912 520 1956 'aua
550 1897 651 1976 ipaain
683 1902 767 1956 attae
798 1895 976 1971 lffoorahat,
1015 1889 1207 1976 magnopere

111 2003 249 2064 offenaua
280 2003 496 2082 complurihna
529 2003 609 2064 looia
639 2005 730 2064 iatam
758 2005 954 2084 impugnavit
983 2005 1136 2083 iatiuaque
1169 2023 1207 2066 aa

111 2107 246 2182 adaerao,
264 2113 510 2174 vetnatiaainaant
536 2089 664 2194 generi·
694 2114 962 2181 numunianum,
988 2115 1132 2176 landihua
1152 2133 1207 2178 ex·
1282 2085 1292 2102 κ

110 2215 199 2298 tulit,
220 2222 310 2290 illam
332 2221 404 2284 dico
426 2223 684 2297 vutuatiaalmum,
709 2239 770 2300 qno
791 2223 963 2282 'aecundnm
987 2221 1100 2282 famam
1122 2223 1207 2302 apnal

110 2332 262 2412 populum
285 2329 443 2390 Graecum
466 2329 655 2390 celebratam
679 2335 711 2390 et
733 2347 750 2388 a
772 2326 915 2408 plurimia
941 2331 1045 2410 politia
1068 2331 1207 2392 delinea-

110 2447 170 2502 tam
192 2440 346 2501 Saturniae
366 2456 518 2500 aummum
539 2437 708 2516 imperium
729 2443 892 2512 tenuerat,
913 2457 1017 2517 nequa
1032 2446 1137 2500 monte
1159 2439 1207 2501 ail-

110 2551 179 2610 rlaa
201 2567 272 2608 eum
296 2547 513 2626 contemplari
526 2552 559 2605 et
581 2545 918 2625 egregie,deacrlhare
934 2549 1056 2608 nesciit.
1100 2547 1206 2610 (ianua

110 2654 276 2716 humanum
298 2673 359 2714 non
380 2654 487 2732 aliquo
507 2659 654 2732 tempore
678 2659 817 2713 creatum
839 2653 955 2728 fniaae,
976 2653 1033 2714 aed
1046 2655 1130 2716 nnlla
1144 2673 1205 2716 non

113 2749 214 2824 aetate
230 2754 395 2824 ea'atitiaa‘e
416 2762 534 2821 atatuit
584 2759 676 2838 Quod
698 2759 737 2820 ad
765 2779 871 2822 rerum
893 2759 1031 2840 civilium
1053 2764 1207 2842 cognitia-
1260 2851 1262 2856 Ι
1352 2793 1353 2800 1

110 2889 196 2945 nem,
228 2871 421 2931 Dicaearcho
450 2867 619 2950 singularia
640 2869 734 2948 plane
763 2869 824 2928 fnit
848 2851 1022 2945 tentantia,
1051 2885 1204 2949 qua'eam

108 2978 307 3058 reipublicae
328 2977 542 3060 conditionem
563 2978 765 3056 praoptima
786 2956 820 3036 et
839 2976 1204 3074 feliciaaimavpaaealica·

109 3085 180 3160 hat,
203 3102 285 3165 qnae
307 3086 468 3148 extribus
489 3085 552 3145 illia
573 3072 787 3158 monarchiae,
810 3085 1029 3146 aristocratiae
1051 3092 1084 3146 et
1098 3085 1204 3147 demo·

107 3195 229 3270 cratiae
256 3194 424 3274 principiia
451 3197 541 3254 recta
567 3193 691 3253 ratione
713 3195 889 3271 temperata
911 3198 1003 3254 eaaet.
1045 3193 1112 3272 Qua
1135 3197 1208 3274 qni-v

108 3300 179 3361 alem
201 3303 236 3361 in
256 3303 411 3362 aententia
432 3301 552 3380 aliquot
572 3299 757 3381 philosophi
778 3299 988 3382 Pythagorei,
1018 3321 1203 3382 quamquam

106 3407 245 3469 ionaaae
272 3425 334 3470 non
364 3411 449 3470 tanta
479 3429 551 3470 cnm
578 3409 811 3496 perapiouitate
831 3415 864 3468 et
885 3410 1103 3485 accuratione,
1132 3428 1202 3472 euna
1286 3424 1288 3429 ’

107 3517 327 3596 praeiverant,
341 3515 442 3578 aecutl
457 3522 559 3578 autem
574 3522 655 3590 aunt,
671 3522 706 3577 ut
719 3515 854 3592 videtur,
869 3515 1017 3596 l’olyhina
1032 3523 1065 3578 et
1077 3513 1203 3591 Cicero,

11 3671 13 3694 ,
107 3625 249 3704 qaamaia
271 3627 364 3686 etiam
386 3627 438 3685 hic
460 3626 621 3704 porterior
642 3625 697 3686 uhi
717 3643 803 3685 auam
822 3623 884 3686 hac
906 3625 947 3686 dc
967 3645 1004 3686 re
1021 3627 1201 3704 opinionem

106 3733 240 3811 exponit
265 3729 453 3824 liioaearchi
480 3734 699 3812 qnotnritatam
731 3743 791 3794 non
824 3733 975 3810 attulerit
1029 3729 1200 3814 Egregium

105 3847 212 3901 eatena
233 3837 320 3902 illina
340 3842 388 3900 rei
409 3835 556 3921 puhlica'a
576 3837 699 3900 formae
725 3841 886 3934 exemplar
912 3841 940 3901 ai
961 3840 1105 3920 Spartam
1127 3861 1201 3903 can-

11 3947 12 3952 ’
94 3947 261 4010 'Manna
281 3953 315 4009 at
337 3947 523 4028 lmaalpait,
545 3965 606 4009 non
627 3948 711 4008 alind
725 3949 785 4009 hac
799 3949 836 4009 rc
854 3948 1086 4030 aignilicatnrua
1099 3947 1201 4010 fniaae

103 4054 249 4132 videtur,
274 4068 367 4135 qaam
388 4057 524 4140 omniurn
547 4075 626 4136 quae
649 4041 838 4118 conciliatae
860 4061 1019 4117 exalarent
1040 4057 1199 4148 civitatum

103 4155 295 4242 Optatam
325 4162 368 4238 ,11
404 4179 472 4226 eam
508 4163 740 4242 conditionem,
775 4183 865 4244 qnam
902 4163 1198 4244 praeatantiaaimam

104 4269 211 4331 aalma
231 4267 382 4348 fluerat,
403 4272 547 4352 proxim
561 4271 734 4355 accelera3
755 4289 859 4349 aeque
880 4268 954 4330 ideo
974 4267 1081 4346 gravia
1101 4283 1196 4352 qaae-

103 4377 106 4382 .
629 4390 634 4402 ‚
937 4369 1023 4446 1,.
