2734 4718
531 325 625 336 ---
674 285 751 358 mc
802 325 899 336 ---
985 297 996 324 1

169 475 349 540 adnotatum
370 485 426 542 est.
469 478 582 558 Neque
603 497 753 539 summum
774 477 912 557 denique
934 488 1139 552 momentum,
1173 478 1260 556 qnod

168 581 207 643 ad
230 583 308 645 haec
329 585 457 658 attinet,
490 584 634 644 codicum
657 585 835 647 auctoritati
857 581 1057 645 tribuendum
1079 585 1156 659 erit,
1179 602 1259 662 quo-

167 691 248 750 niam
271 689 455 750 Dicaearchi
476 709 603 765 nomen,
625 699 659 751 ut
680 691 815 770 primum
836 697 870 750 et
891 691 1017 769 quidem
1038 691 1088 752 uei
1109 669 1260 772 ἀκρίτως

167 794 432 870 admissum-init,
461 815 478 854 a
507 796 645 857 librariis
667 797 782 858 deiude
802 797 938 858 indoctis
959 792 1098 859 retineri*
1113 800 1261 879 potuisse

130 892 136 904 “
167 901 293 964 videtur
324 909 419 981 atque
451 899 557 963 omnes
590 903 825 966 Dicaearchiaui
855 904 982 969 codices
1014 923 1052 966 er
1078 925 1142 968 uno
1168 905 1260 968 fonte

79 1038 82 1045 ·
167 1025 371 1088 promanasse·
396 1028 413 1068 a
441 1008 625 1072 Buttmann«)
653 1010 860 1090 prohabiiitcr
890 1012 1136 1092 οιιιι]ἰιιιίιιιιιιιι.λ
1170 1013 1261 1090 Quae

168 1133 262 1194 quum
284 1117 328 1177 ita
348 1117 426 1190 siut,
449 1115 602 1177 dubitatio
623 1136 697 1177 sane
718 1119 855 1178 suboriri
875 1126 998 1198 potest,
1019 1138 1091 1180 unm
1113 1137 1151 1180 ea
1171 1120 1261 1200 frag-

166 1213 273 1284 menta
291 1223 529 1314 perlegentibus
550 1225 639 1286 nobis
660 1227 783 1286 omnino
804 1215 860 1286 res
883 1227 924 1286 sit
945 1237 1015 1286 cum
1039 1227 1261 1288 Dicaearchia-

167 1331 225 1390 oia.
275 1329 366 1408 Quod
388 1339 490 1392 tamen
512 1349 582 1392 cum
604 1333 747 1393 omnibns
769 1349 848 1412 quos
868 1325 1016 1412 equidem
1037 1335 1134 1396 scium
1156 1335 1259 1396 edito-

167 1437 255 1498 ribua
277 1457 337 1518 pro
359 1446 448 1499 certo
471 1445 640 1500 statuamus
655 1440 795 1504 Boddaei
818 1441 923 1502 codici
944 1448 977 1503 ct
997 1444 1101 1504 marani
1123 1461 1205 1522 quae
1225 1446 1260 1503 iu

166 1544 267 1605 aitero
288 1545 369 1605 iibro
390 1545 515 1606 titulum
535 1547 664 1608 rubrum
679 1549 822 1628 appinxit
834 1547 931 1609 fidem
953 1550 1181 1622 concedentem
1201 1549 1259 1610 sed

168 1651 219 1711 air
248 1651 340 1714 sitter
370 1651 550 1733 intelligere
572 1653 771 1732 debebimus,
801 1675 893 1735 quam
920 1663 956 1718 ut
983 1663 1145 1718 auctorem
1164 1658 1260 1738 hujus

166 1757 336 1838 fragmenti
358 1779 396 1821 eu
410 1761 598 1823 Dicaearchi
620 1762 724 1842 aliquo
745 1765 796 1824 rei
815 1764 1031 1844 compinrihus
1053 1764 1185 1844 scriptia
1205 1783 1262 1825 sua

166 1870 364 1948 excerpsisse
395 1875 428 1930 et
448 1870 660 1930 brevissimam
683 1889 774 1949 quam
799 1871 874 1932 iude
894 1869 1165 1951 negligentissime
1186 1889 1262 1932 cou-

166 1971 254 2034 flauit
276 1975 430 2036 Graecina
452 1975 702 2055 descriptionem
724 1967 911 2062 ἀναγραφὴ
934 1979 993 2063 τῆς
1017 1965 1191 2050 Ἑλλάδος
1211 1978 1262 2038 iu·

168 2083 335 2162 scripsisse
351 2095 512 2162 putemus.
555 2085 643 2147 Fieri
667 2103 792 2163 quoque
807 2087 920 2164 potnit,
941 2091 976 2146 nt
996 2087 1067 2165 ipae
1087 2089 1262 2165 excerptor

168 2189 247 2252 nihii
266 2190 528 2272 titutiadjeoerit
549 2201 582 2252 et
605 2194 791 2271 posterioria
812 2195 923 2254 aetatis
943 2193 1037 2254 horno
1057 2195 1111 2273 qni
1131 2195 1167 2255 in
1181 2193 1261 2256 haec

163 2295 343 2371 incideret,
373 2296 654 2360 Dicaearoheornm
676 2298 940 2378 operum‘adhuc'
954 2301 1093 2380 ipsorum
1116 2281 1261 2360 notitiam

165 2405 306 2482 babens,
332 2407 601 2485 superscripserit
620 2401 841 2488 Δικαιάρχου
865 2405 988 2490 α’ναγρ.
1011 2426 1041 2470 τ.
1059 2396 1154 2469 ‘Eth
1198 2408 1264 2471 Qut

167 2509 419 2592 ututusupa'ntar
440 2511 684 2574 considerandus
705 2522 754 2574 est
775 2521 868 2593 utque
887 2517 920 2576 iu
937 2515 1120 2594 rrugmeuto
1143 2514 1184 2574 de
1201 2513 1263 2574 Pe-

164 2619 212 2683 iio
234 2628 338 2682 moute
353 2620 575 2700 pudicavimuu
596 2641 634 2682 er
648 2623 820 2702 posteriori
842 2622 969 2684 dicendi
984 2624 1107 2684 ratione
1128 2621 1263 2683 eandem

168 2745 241 2790 oum
257 2717 460 2813 'ueprip'pporg
480 2719 871 2810 hahenasignifloutionem
893 2731 941 2792 vei
964 2731 1059 2792 etiam
1080 2729 1167 2809 qnod
1188 2727 1263 2792 ἐπι·

165 2827 259 2922 τομή
286 2837 357 2898 iere
388 2837 473 2898 idem
503 2835 617 2898 valens.
666 2838 892 2899 Dicaearchum
920 2819 1024 2900 antem
1050 2839 1084 2900 in
1110 2839 1265 2919 singrdari

170 2961 273 3023 spero
295 2945 449 3006 Graeciae
469 2945 693 3024 'geographiam
711 2965 761 3006 er
782 2945 926 3025 professo
938 2947 1147 3021 tractavisse,
1177 2945 1266 3006 nullo

168 3055 362 3131 scriptorum
400 3054 579 3114 testimonio
614 3053 843 3114 demonstrare¹
860 3054 1041 3134 possumus:
1074 3053 1265 3134 Hieronymi

170 3161 390 3236 ammianum,
412 3181 450 3222 ex
474 3181 535 3240 quo
557 3163 696 3223 nonnulii
717 3163 777 3224 viri
800 3161 885 3223 docti
906 3161 940 3222 id
954 3161 1166 3242 colligendum
1187 3179 1262 3222 cen·

168 3274 311 3340 suerunt,
331 3250 393 3330 'aiio
408 3269 501 3347 piane
521 3259 615 3328 modo
629 3261 902 3348 interpretandum
920 3285 989 3332 ease
1010 3285 1106 3347 snpra
1118 3266 1265 3328 vidimus.

173 3373 206 3434 in
227 3385 462 3453 operefftameut
484 3377 535 3438 cni
559 3373 633 3448 βίος
655 3381 715 3462 τῆς
731 3368 903 3450 Ἑλλάδος
923 3375 1166 3452 inscribebatur,
1187 3393 1267 3456 geo-

172 3481 356 3560 graphicam
379 3499 521 3562 qnoque,
552 3501 726 3562 quanquam
755 3484 910 3562 exquisita
930 3483 1037 3564 potius
1058 3481 1193 3560 quadam
1213 3501 1265 3542 ra-

172 3587 270 3664 tione,
291 3589 446 3650 Graeciae
462 3569 708 3670 descriptionem
722 3577 980 3670 comprehensam
995 3589 1094 3652 fnisse
1109 3607 1264 3670 perquam

173 3697 242 3756 rori
263 3697 367 3758 simite
387 3704 447 3772 est,
468 3713 571 3778 neque
585 3699 686 3758 minus
707 3699 739 3759 in
760 3716 799 3759 eo
813 3695 1030 3779 geographico
1045 3715 1155 3778 opere,
1178 3697 1265 3776 qnod

171 3805 298 3865 nomine
321 3805 484 3888 περίοδος
504 3805 566 3890 γῆς
586 3807 676 3867 uobis
697 3807 825 3867 citatum
847 3813 910 3882 est,
931 3799 1144 3868 Dicaearchus
1165 3803 1265 3866 (irae-

56 3951 59 3958 ·
171 3893 254 3974 ciam
278 3913 450 3981 delineuase
471 3914 653 3976 statuendus
674 3915 746 3976 erit.
787 3914 911 3976 Exitio
932 3914 993 3997 τῆς
1009 3902 1179 3987 Ἑλλάδος
1199 3907 1265 3990 βίῳ

174 4035 213 4080 ιιι
234 4029 386 4101 excerpta
408 4023 512 4097 ,niue
541 4006 687 4100 suspicor
707 4040 799 4100 ⁴(prae
828 4021 986 4103 pedestris
1007 4021 1160 4090 orationis
1180 4019 1265 4098 trag-
1307 4089 1312 4102 ι

175 4134 313 4188 mentum
330 4131 544 4200 ⁴eonstitnnut3
574 4145 611 4188 eu
639 4147 716 4189 vera
739 4149 819 4208 quae
845 4133 876 4190 in
905 4145 1013 4190 uersus
1033 4127 1165 4189 reducta
1185 4133 1265 4199 aunt,

177 4217 332 4296 (inuenire
361 4235 703 4315 geographiamuuide
733 4237 955 4298 elementarem
978 4235 1168 4310 efficientia,
1192 4235 1264 4294 bre·
