2728 4726
548 243 1003 350 ...6,;....

174 467 247 542 pidis
264 467 385 522 dramata
403 459 640 533 commentarium,
674 483 735 523 cnm
753 467 872 522 literaria
890 467 1073 540 historicsque
1090 467 1125 522 de
1142 467 1195 526 hoe
1212 479 1270 524 trs-

174 562 235 630 gico
261 559 447 616 dissertatione
469 563 646 631 conjunctum
672 559 839 616 continuisse
865 562 900 616 ci.
928 561 1036 630 Didymi
1059 555 1202 638 ttrpspessrie
1217 563 1272 620 οὖν

53 679 56 684 ·
151 651 262 722 ,Ἱονος
278 651 416 732 ορομᾶτον
433 653 532 708 Athen.
550 655 603 719 lll,
621 655 682 714 46&
701 653 744 718 d,
772 654 891 723 siumem
908 660 939 712 at
954 652 1110 731 νςρόςἼονα
1126 652 1271 731 ἆηεερρῆ.

148 807 150 810 ,
173 769 225 814 osse
247 747 309 803 Ath.
330 750 407 814 xlv,
431 759 459 821 p.'
477 747 538 806 634.
562 763 602 811 e..
636 747 755 815 ejusdem
779 747 826 806 τοῦ
851 746 1137 824 Φρονίχοοολρᾶμοιτος
1160 749 1271 827 Κρόνου

172 840 288 917 έενξρηοις
305 843 367 897 ath.
386 843 439 908 lli,
458 847 518 900 3¹11.
536 840 554 894 f.
590 842 667 896 lluue
684 859 748 896 vero
766 844 958 910 conjecturam,
977 859 1057 914 quam
1075 851 1165 913 tamen
1183 843 1271 915 pluri·

164 925 223 990 'hus
241 936 400 991 confirmare
417 922 505 1008 neque
523 937 586 990 volo
604 953 692 1007 neque
710 921 837 1008 possum,
863 937 886 990 ri
904 953 1089 1009 sequeremur,
1115 936 1196 990 etism
1215 937 1269 992 Di·

172 1030 297 1088 caearehi
315 1032 466 1087 sententiae
484 1033 518 1086 de
544 1032 649 1086 duobus
666 1031 801 1106 Euripidis
827 1033 955 1086 trimetris
976 1031 1047 1086 inira
1069 1031 1268 1104 proponendae

172 1129 336 1202 aptissimam
355 1125 444 1181 sedens
461 1126 542 1192 nacti
553 1143 675 1196 essemus.

239 1225 286 1293 53)
304 1220 421 1275 Naekius
449 1235 500 1274 nec
518 1225 582 1273 'non
607 1223 785 1274 Buttmanuus
809 1221 826 1272 l.
849 1217 1052 1274 c.sDicaearcbi
1077 1219 1111 1274 de
1126 1219 1268 1292 ,Euripide

170 1317 366 1388 expositiones,
394 1315 464 1368 sicut
481 1323 584 1370 ceteras
603 1333 710 1387 quoque
728 1317 786 1383 eius
804 1315 947 1369 relationes
972 1315 1195 1370 didascalicsrnm
1213 1333 1266 1368 no·

171 1411 244 1492 ruine
261 1408 437 1482 appellandas
456 1407 485 1460 in
498 1402 535 1460 'ea
552 1414 621 1465 Blae
637 1409 687 1482 τῆς
699 1405 825 1474 Ἑλλάδος
842 1417 929 1480 parte,
949 1409 993 1463 cui
1011 1411 1106 1462 titulus
1122 1414 1181 1484 περὶ
1195 1433 1268 1483 μου-

132 1524 136 1538 ι
170 1503 246 1561 ceris
262 1499 367 1576 ἄγονον
384 1501 474 1567 fuerit,
490 1511 522 1554 et
538 1503 567 1555 iu
585 1505 640 1571 ejus
654 1501 771 1574 quidem·
786 1503 876 1574 capite
892 1508 951 1580 ιιιρι
968 1503 1143 1561 Διονυσιακῶν
1159 1499 1268 1576 sir-lm

170 1595 296 1650 habuisse
322 1600 451 1649 statuunt.
473 1623 475 1632 v
494 1593 573 1648 illam
603 1601 692 1648 sutem
719 1595 916 1665 suspicionem,
948 1613 1002 1668 qus
1030 1596 1181 1650 dissertatio
1205 1603 1268 1674 περὶ

168 1690 299 1763 μουσικῶν
315 1683 420 1764 &prim
437 1703 498 1760 pars
515 1693 584 1747 Blae
601 1687 699 1749 luerit,
728 1701 883 1760 quanquam
909 1705 958 1761 per
975 1705 1003 1743 se
1021 1707 1077 1743 non
1096 1689 1266 1762 improbabi-

168 1784 222 1836 lem
241 1785 378 1847 existimo,
404 1783 565 1838 doctissimis
587 1790 678 1836 tamen
702 1781 767 1837 viris
791 1801 847 1836 nou
865 1784 1013 1850 assentior,
1040 1783 1113 1858 quod
1132 1786 1266 1854 nonnulla

168 1876 329 1932 Dicaearchi
354 1878 453 1943 relate,
485 1877 608 1951 quamvis
626 1881 740 1932 maxime
758 1879 901 1947 singularis
919 1895 1004 1950 eaque
1023 1879 1080 1933 sine
1098 1881 1160 1934 libri
1178 1883 1265 1953 perti·

167 1973 259 2026 uentis
275 1973 355 2026 titulo
374 1974 543 2054 superstitis,
576 1973 613 2027 ob
637 1975 721 2027 solam
746 1975 897 2042 argumenti
922 1974 1110 2042 cognationem
1136 1953 1176 2030 illi
1194 1983 1265 2036 Βίου

166 2068 251 2138 capiti
277 2066 420 2134 assignant.
463 2065 551 2118 Etiam
581 2067 702 2120 Osannm
727 2083 785 2120 earn
811 2068 987 2132 seutentiam,
1021 2087 1073 2141 qua
1101 2071 1264 2126 Dicaearchi

166 2161 309 2229 ὕποθέοιις
324 2163 376 2220 τῶν
391 2160 538 2238 Εὖριπέδου
554 2167 598 2220 sel
615 2167 778 2238 Σοφοκλέους
794 2162 904 2238 μύθων,
928 2164 962 2218 de
979 2165 1075 2241 quibus
1093 2164 1162 2218 inira
1181 2181 1264 2246 acqu-

167 2259 250 2311 ratius
270 2265 369 2326 agetur,
390 2258 418 2309 in
430 2261 486 2328 Βέρι
504 2251 538 2308 et'
550 2255 578 2309 in
596 2264 673 2328 parte
691 2256 800 2328 quidem
817 2259 876 2327 ejus
894 2258 1032 2326 designata
1050 2261 1263 2330 comprehensae

165 2347 304 2416 tuissent,
328 2351 474 2404 rectissime
500 2349 677 2422 impugnavit.
721 2351 782 2404 lam
808 2367 872 2406 vero
899 2355 1067 2422 conjecturas·
1091 2354 1209 2425 proferre
1239 2355 1262 2408 si

165 2447 288 2513 libuerit,
308 2444 438 2518 suspicari
456 2459 564 2514 queque
581 2441 678 2497 licebit
695 2444 891 2498 Dicaearchum
910 2463 976 2517 opus
993 2451 1051 2522 περὶ
1066 2448 1179 2520 ποιητῶν
1194 2464 1264 2502 con·

165 2542 302 2614 scripsisse
319 2541 349 2594 in
367 2553 469 2611 eoque,
489 2553 557 2610 quae
575 2537 609 2590 de
628 2525 759 2604 llomero,
785 2538 920 2605 Hesiodo,
947 2542 1062 2606 Alcaeo,
1087 2542 1214 2614 Euripide
1233 2551 1263 2596 et

165 2637 277 2692 fortasse
295 2637 375 2690 etiarn
393 2632 527 2706 Sophocle
540 2611 639 2687 'relicte
661 2640 740 2698 suut,
769 2633 929 2706 exposuisse.
971 2635 1140 2691 Aristotelem
1164 2639 1261 2692 saltem

165 2737 224 2804 ejus
244 2734 397 2801 magistrum
416 2731 469 2785 huc
487 2730 567 2783 titulo
593 2747 660 2802 opus
686 2725 714 2782 iu
740 2740 809 2794 tres,
837 2731 911 2803 quod
932 2733 1071 2786 minimum
1095 2738 1150 2796 est,
1176 2729 1261 2784 libros

165 2827 277 2881 divisum
302 2824 483 2898 composuisse
509 2824 632 2877 novimus
656 2822 691 2877 cf.
718 2822 795 2891 Diog.
820 2821 908 2877 baert.
933 2826 992 2886 lll,
1010 2827 1053 2883 46.
1086 2823 1184 2878 Athen.
1205 2822 1260 2890 xl,

56 2948 58 2954 ’
99 2919 102 2926 ’
164 2925 223 2979 305,
242 2937 267 2976 c.
286 2931 314 2975 et
331 2923 398 2975 alios
416 2937 524 2992 quoqne
543 2917 659 2988 ejusdem
684 2917 843 2990 disciplinae
868 2917 1044 2991 philosophos
1067 2917 1137 2972 idem
1164 2916 1260 2973 iecisse

164 3017 353 3088 comperimus,
373 3013 411 3067 its
431 3012 578 3066 Phaeniam
597 3010 717 3064 Eresium
735 3017 793 3086 rrrpl
810 3010 922 3082 ποιητοῖν
938 3009 1055 3087 δεύτερος
1069 3011 1165 3066 Athen.
1178 3013 1258 3077 Vlll,

164 3111 223 3167 ³52.
243 3127 266 3164 c.
285 3119 312 3162 et
329 3107 495 3162 Demetrium
514 3103 708 3174 bysuntinum,
740 3104 787 3176 qui
810 3108 869 3180 περὶ
891 3102 1040 3178 ποιημάτων
1062 3113 1090 3159 et
1106 3111 1165 3182 περὶ
1181 3129 1260 3184 m.

161 3199 213 3262 reis
235 3186 375 3264 disseruit,
401 3199 452 3254 nisi
480 3198 562 3264 forte,
593 3204 624 3250 ut
647 3193 914 3263 Schweighaeuserus
937 3201 1088 3269 suspicatus
1113 3209 1171 3266 est,
1203 3198 1259 3255 boc

163 3313 247 3349 unum
271 3297 397 3366 idemque
424 3311 491 3366 opus
517 3291 568 3344 fuit
589 3293 648 3367 rrspl
669 3291 782 3361 ποιητὸν
806 3295 851 3346 sul
873 3287 1022 3364 ποιημάτων
1043 3291 1202 3364 inscriptum
1221 3293 1257 3346 cl.

162 3389 260 3443 Athen.
278 3389 315 3455 ll,
334 3389 392 3446 452.
413 3389 438 3444 d.
467 3387 535 3452 llll,
553 3388 613 3443 548.
632 3403 654 3438 e.
686 3385 766 3447 xlv,
783 3387 844 3442 633.
865 3383 890 3436 b·
935 3385 1113 3456 Hieronymus
1136 3405 1257 3460 quoque,

72 3475 76 3482 ’
162 3483 208 3555 qui
226 3487 284 3559 πτρλ
301 3482 411 3551 ποιητῶν
428 3481 570 3552 scripserat
589 3477 623 3532 cl.
642 3476 739 3532 Athen.
757 3477 838 3541 xlv,
857 3475 955 3534 bibi.
983 3482 1023 3545 (is
1037 3477 1075 3551 τηλ
1089 3484 1151 3555 περὶ
1172 3489 1259 3538 τιθα-
1341 3541 1344 3550 ,

162 3575 263 3653 ρριιλῶν,
289 3569 353 3651 ὅπερ
377 3567 433 3631 tesi
456 3583 573 3647 πέμπτον
595 3575 654 3649 περὶ
678 3572 818 3643 ποιητῶν),
845 3579 876 3624 ut
901 3571 988 3625 eidem
1007 3572 1258 3642 Schweighaeusero

161 3669 303 3743 probabile
320 3669 440 3732 ridetur,
460 3675 522 3720 uou‘
534 3667 653 3734 diversus
670 3664 751 3718 fuerit
769 3663 804 3716 sb
823 3665 988 3735 Hieronymo
1007 3667 1199 3740 Peripatetico.

230 3763 278 3836 bl)
295 3761 471 3830 EaElrrrsleii
490 3762 623 3826 lectione,¹
647 3777 728 3832 quarn
746 3758 826 3812 etiam
845 3761 1012 3814 Hermannus
1030 3763 1064 3816 cl.
1083 3761 1158 3817 Disr.
1177 3765 1257 3819 class.

161 3856 226 3914 lssr.
246 3857 399 3923 xxxviii,
424 3875 450 3929 p.
469 3861 520 3912 271
540 3865 568 3909 et
585 3853 702 3908 Nsekius
718 3853 918 3928 probaverunt,
938 3857 1013 3910 locus
1032 3855 1079 3928 qui
1097 3857 1151 3911 huc
1168 3861 1257 3930 perti-

62 3963 65 3970 ’
161 3963 210 4010 net
227 3954 305 4008 hicce
324 3962 376 4007 est:
394 3949 426 4010 τὸ
443 3951 530 4028 δρᾶμα
547 3955 617 4008 dorsi
632 3947 816 4022 ὑποβαλέσθαι
830 3949 900 4026 παρὰ
913 3947 1062 4028 Νεόφρονος
1075 3951 1257 4022 διασκευάσας,

111 4041 116 4050 “
161 4047 195 4116 ὦς
212 4047 369 4124 Δικαίαρχός
385 4070 414 4104 τι
429 4051 488 4123 περὶ
503 4043 552 4102 τοῦ
566 4041 691 4110 Ἑλλάδος
706 4049 766 4124 pilon
783 4048 827 4101 sul
839 4040 1018 4120 Ἀριστοτέλης
1035 4053 1061 4102 is
1076 4041 1257 4122 ὖπομνήμοισι.
1352 4073 1353 4126 }

142 4144 200 4197 ‘Ea
220 4161 327 4215 quoque
346 4143 431 4207 ratio,
459 4156 512 4213 qua
531 4138 633 4192 Geilius
651 4140 680 4191 iu
702 4137 865 4192 testimoniis
890 4147 1009 4192 veterum
1032 4141 1065 4194 de
1085 4141 1255 4196 Dicaearcho
1352 4147 1353 4175 r

161 4253 221 4290 eum
240 4238 329 4292 locum
347 4233 485 4299 exhibuit,
509 4251 564 4287 uon
587 4233 668 4306 plsue
686 4231 864 4302 improbanda
882 4240 923 4286 est
938 4233 1008 4310 asp&
1025 4232 1177 4311 Νεόφρονος
1192 4241 1255 4295 e...
