2728 4726
396 1110 402 1119 ’
455 1121 931 1238 Praefatio.

22 1485 24 1488 ⁵
152 1493 280 1587 Quum
305 1506 387 1574 nibil
420 1505 509 1574 aliud
537 1509 572 1575 in
602 1509 741 1577 animum
767 1509 861 1578 initio
888 1505 1113 1592 induxissem,
1145 1517 1241 1590 quam

149 1627 306 1696 magnum
327 1606 472 1696 pedestri
492 1607 640 1675 oratione
660 1611 878 1696 conscriptum
898 1609 1135 1697 fragmentum,
1155 1599 1243 1690 quod

127 1709 297 1780 ,inlibris
316 1709 554 1872 manuscriptiz
567 1709 714 1798 relictum
741 1715 776 1776 et
794 1707 993 1776 Dicaearchi
1013 1706 1112 1774 Vitae
1132 1702 1243 1770 Graa-

152 1795 226 1878 ciac
244 1806 406 1876 vindicari
426 1808 523 1873 solitu

150 1907 370 1994 interpretari
381 1923 433 1972 ac
443 1904 675 1975 dissertatione
695 1916 870 1998 praeterea
890 1905 933 1978 da
953 1909 1026 1992 ejus
1046 1902 1242 1970 auctoritate

122 2098 130 2107 .
153 2007 346 2092 instructum
365 2005 477 2098 edere,
498 2009 560 2076 boc
579 2014 690 2076 tamen
703 2007 835 2082 deinde
842 2008 1010 2076 consilium
1031 2004 1124 2072 omisi
1144 2007 1244 2086 atque

153 2104 239 2174 adeo
265 2109 317 2173 ita
333 2085 549 2206 amplificavi,
575 2115 612 2176 ut
632 2109 740 2176 omnia
767 2107 922 2174 librorum
942 2101 1242 2172 Dicaearcheorum

148 2207 350 2296 fragmenta,
372 2224 456 2322 quae
476 2211 563 2274 aut
548 2227 617 2295 pam
638 2210 679 2276 ab
701 2211 774 2274 aliis
788 2205 934 2274 indicata
953 2210 1069 2272 essent
1088 2208 1145 2268 ant
1164 2191 1243 2270 mibi

149 2308 333 2394 scriptores
354 2308 408 2394 qni
434 2307 498 2374 lruc
517 2311 684 2405 pertinere
705 2308 895 2376 viderentur
915 2305 1103 2392 perlegenti
1123 2318 1242 2370 occur-

26 2445 32 2455 ·
150 2409 287 2494 sissent,
309 2424 505 2496 componere
519 2415 553 2476 et
572 2401 659 2476 illius
680 2411 743 2476 viri
757 2408 910 2476 memoria
930 2404 1113 2494 dignissimi
1133 2398 1242 2468 studia

151 2515 188 2574 ct
207 2509 324 2580 literas
338 2506 533 2576 adumbrare
553 2527 703 2578 conarer.
715 2521 718 2527 ’
745 2509 843 2574 Hanc
861 2515 970 2592 autem
990 2522 1097 2571 meam
1116 2500 1241 2588 qualis-

150 2625 281 2694 cunque
301 2615 354 2674 est
375 2627 507 2696 operam
534 2627 574 2676 eo
595 2609 841 2676 commodiorem
870 2585 979 2674 multis
999 2607 1069 2671 lore
1089 2602 1243 2688 suspica-

152 2708 225 2794 bar,
246 2707 352 2794 quod,
364 2727 459 2794 quum
479 2711 622 2778 virorum
636 2707 804 2776 doctorum
825 2709 951 2774 animos
972 2703 1115 2770 adhunc
1135 2701 1243 2788 philo,-

153 2807 290 2925 sophum
310 2809 534 2876 recentissimo
549 2817 694 2898 tempore
715 2807 888 2874 adversos
898 2825 977 2874 esse
997 2799 1244 2882 intellexissem,

150 2909 228 2992 ejus
245 2901 471 2995 cognoscendi
492 2917 526 2976 et
546 2911 609 2976 rite
625 2907 802 2994 judicandi
814 2909 937 2976 initium
957 2914 991 2972 et
1011 2905 1146 2992 primum
1166 2900 1243 2968 iuu-

148 3006 336 3078 damentum
368 3009 630 3098 fragmentorum
665 3011 738 3094 ejns
775 3009 925 3074 collectio
960 3023 1037 3071 esse
1068 2999 1243 3084 videbatur

148 3126 248 3194 quam
266 3107 338 3174 lieri
359 3115 469 3196 potest
483 3109 740 3199 accuratissima,
783 3106 953 3196 Ejusmodi
975 3103 1159 3172 verolibro
1180 3098 1242 3168 ad·
1269 3095 1273 3117 ³

148 3208 216 3274 buc
245 3225 415 3294 caremus,
441 3211 590 3294 quoniam
618 3209 689 3276 fere
718 3228 839 3276 omnes·
854 3206 971 3274 eruditi
992 3205 1159 3286 homines,
1188 3199 1243 3286 qui
1323 3199 1325 3204 ’

150 3307 253 3394 priori
273 3314 421 3394 tempore
440 3305 482 3374 de
496 3307 703 3377 Dicaearcho
725 3313 877 3397 egerunt,
899 3309 963 3374 tria
976 3302 1242 3372 Dicaearcbiana
1296 3357 1299 3365 .

573 1807 648 1895 luit,
677 1789 719 1876 de
745 1811 892 1897 integro
906 1809 1020 1874 critice
1040 1811 1186 1873 tractare
1207 1807 1243 1870 ct
1353 1841 1355 1844 -

148 3407 340 3495 fragmenta
369 3409 403 3473 in
434 3407 599 3476 codicibus
619 3412 830 3498 superstitio,
866 3426 998 3494 quorum
1020 3404 1243 3474 sinceritatem
1361 3473 1362 3488 χ

147 3506 250 3574 vaide
263 3505 404 3578 dubiam
407 3525 484 3575 esse
498 3507 801 3596 demonstrabimus,
823 3505 1034 3575 considerare
1048 3507 1082 3572 bt
1095 3508 1242 3574 tractare

90 3693 94 3704 Ι
147 3609 234 3674 satis
254 3607 441 3681 duxerunt.
468 3609 543 3676 Una
559 3617 685 3678 tantum
704 3611 962 3696 fragmentorum
982 3607 1119 3692 farrago
1140 3603 1242 3669 abso-
1322 3675 1323 3681 η

147 3709 219 3776 luto
233 3715 297 3794 est,
317 3706 377 3773 sed
398 3726 440 3776 ea
460 3707 546 3797 apud
559 3729 621 3776 nos
635 3709 819 3794 Germanos
833 3709 932 3796 plane
952 3710 1078 3796 ignota,
1099 3703 1141 3770 ab
1156 3699 1242 3770 italo
1346 3706 1362 3794 'p

37 3837 43 3850 ·
149 3805 288 3898 quodam
310 3807 373 3874 boc
385 3808 486 3876 titulo
505 3797 671 3879 instituta:
693 3811 726 3898 „i
746 3807 948 3876 Frammenti
968 3807 1000 3874 di
1014 3805 1177 3873 Dicearco
1198 3799 1242 3882 da
1361 3797 1362 3830 ³

148 3889 349 3974 Messino-
364 3905 448 3972 dall'
470 3917 634 3977 avvocalo
659 3913 699 3973 D.
715 3909 874 3974 Calidonia
888 3911 1040 3974 arrunte.
1077 3905 1239 3972 Palermo·
1361 3923 1362 3996 j

149 4003 243 4066 1822.
272 4007 391 4072 2voll.
412 4007 466 4070 Βιι
494 4025 578 4094 quae
599 4008 743 4095 quidem,
771 4016 926 4094 quantum
946 4027 990 4075 ex
1010 4004 1241 4096 speciminibus
1322 4009 1326 4016 '

148 4119 170 4170 a
191 4099 298 4169 Gallio
317 4095 395 4173 inde
415 4109 564 4194 repetitis
585 4107 744 4196 colligere
764 4109 858 4184 licet
888 4107 988 4183 baud
1002 4109 1114 4194 magni
1135 4105 1240 4172 aesti—
1361 4171 1362 4174 ,

150 4200 269 4275 manda
282 4221 360 4274 essa
374 4203 512 4278 videtur.
554 4209 632 4278 Alia
645 4209 904 4295 fragmentorum
919 4206 1017 4274 editio
1038 4207 1082 4274 ab
1094 4209 1238 4330 Augusto
