2734 4718
457 263 828 344 “lili-*-

96 453 165 536 βός
184 477 209 525 s.
231 450 539 548 olpptoapo'pqroov')
567 463 618 524 uei
640 483 710 526 cum
732 459 892 546 llespcbio
913 463 942 541 l,
962 463 994 544 p.
1013 461 1098 526 1744
1118 449 1183 546 (ιδ

98 564 300 652 σκόροδον)
328 569 434 633 allium
462 589 517 633 seu
539 572 642 633 cibum
663 572 772 649 melle,
801 578 892 633 aceto
922 579 961 633 et·
981 569 1090 652 thymo
1112 589 1188 633 con·

95 675 217 742 lectum
237 679 394 758 explicas,
414 675 688 759 interpretandum
709 697 778 740 esse
799 683 896 760 patet.

182 773 349 868 καρπὸς
368 777 564 871 ἀκάνθης.
597 785 736 850 [tamira
750 776 980 866 hujusfructua
999 787 1125 860 virtute,
1146 785 1188 848 da

98 911 162 972 qua
175 893 315 978 Murrina
335 911 443 973 neque
457 893 713 974 Theophrastum
733 912 837 973 neque
860 893 1075 958 dioscoridem
1098 893 1211 974 quid-¹
1256 928 1260 936 ·

98 1019 192 1080 quam
213 1000 332 1062 babere
352 1019 474 1080 neque,
495 1020 590 1080 quum
603 1002 694 1082 moly
714 1001 916 1063 Homericum
937 1001 1021 1063 serlo
1043 1001 1190 1064 advocari

95 1113 245 1188 nequeat,
267 1123 442 1188 quenquam
463 1108 557 1170 aliurn
577 1108 703 1169 referre
726 1107 816 1183 dicit,
834 1107 876 1169 cf.
898 1127 990 1188 quem
1012 1109 1050 1170 ab
1065 1107 1189 1170 Osanno

97 1214 335 1296 suppeditatum
367 1234 463 1296 supra
490 1212 644 1295 exscripsi
669 1213 849 1277 Heraclidis
876 1215 989 1282 locum.
1041 1216 1191 1279 Ceterum

100 1339 197 1402 quom
219 1322 353 1384 eundem
373 1321 521 1385 fruticem
543 1324 637 1384 etiam
658 1322 777 1384 Plinius
798 1323 830 1388 h.
851 1341 881 1383 n·
905 1323 977 1399 xli,
996 1323 1028 1385 i.
1055 1342 1191 1387 comme-

96 1436 203 1492 moret
222 1449 326 1510 neque
345 1437 448 1492 umen
462 1433 560 1512 magia
575 1449 666 1511 quam
680 1429 919 1512 Theophrastus
941 1436 973 1492 et
988 1431 1189 1496 Dioscorides
1246 1485 1248 1489 .

98 1538 141 1599 de
161 1538 216 1600 iila
245 1539 314 1621 ejus
333 1540 451 1601 virtute
479 1541 576 1602 verba
595 1539 693 1602 iaciat
714 1545 747 1601 et
776 1559 870 1620 quum
891 1546 1059 1622 praeterea
1079 1547 1190 1605 nostro

97 1645 172 1708 loco
193 1646 248 1708 illa
275 1646 360 1708 idem
386 1647 492 1709 frutex
512 1649 545 1708 iu
577 1649 758 1729 regionibus
784 1653 903 1709 tautum
924 1648 1055 1712 maxime
1076 1648 1192 1712 abditis

100 1761 136 1815 et
162 1755 351 1834 periculosis
380 1756 466 1818 nasci
493 1755 653 1816 referatur
682 1753 780 1834 idque
806 1772 868 1814 non
895 1755 963 1815 siue
993 1757 1123 1816 consilio
1144 1758 1193 1820 iu·

98 1863 316 1943 vestigationis
336 1865 405 1925 veri
425 1861 678 1944 praecludendae
699 1863 771 1923 lieri
792 1861 953 1923 videatur:
975 1863 1121 1941 equidem
1136 1863 1191 1927 Dl-

98 1970 255 2032 caearobo
277 1971 336 2032 bac
356 1973 389 2034 iu
410 1973 589 2033 narratione
609 2003 651 2020 -
673 1989 849 2050 quanquam
877 1989 939 2032 nou
955 1971 1022 2052 jam
1043 1977 1191 2062 accurate
1228 1979 1229 1982 ’

96 2079 224 2153 scimus,
243 2079 402 2158 quomodo
416 2079 626 2142 Dicaearchus
646 2081 767 2160 singula
779 2077 972 2160 exposuerit
993 2084 1025 2140 et
1047 2079 1122 2160 quid
1136 2098 1190 2141 ex·
1223 2127 1227 2150 ‚

98 2186 243 2264 eerptori
264 2187 341 2246 vitio
361 2187 444 2248 verti
465 2185 580 2248 debeat
597 2219 633 2234 -
646 2183 891 2268 ildem'deneg'o‚
914 2205 1004 2265 quam
1026 2185 1076 2247 vel
1096 2173 1189 2272 >ttri-

98 2289 184 2352 θεια
205 2310 301 2372 aegre
321 2292 481 2356 obtineret
501 2293 575 2354 talia
596 2292 735 2374 prodens
756 2295 936 2356 memoriae.

185 2405 277 2472 ταῖς
296 2394 785 2487 λιυκαιῑςπαραιτλήσιος
805 2391 989 2488 μύρτοις.
1025 2397 1190 2484 vulgatum

98 2507 301 2587 scripturam,
322 2497 582 2590 παραπλήσιον,
605 2525 779 2588 quanquam
800 2511 838 2570 ab
860 2509 1001 2570 omuibus
1015 2509 1191 2572 editoribus

98 2621 291 2675 reservatam
320 2613 413 2676 video
440 2620 474 2676 et
502 2613 724 2676 adverbialiter
752 2615 906 2695 explicari
931 2631 1026 2696 posse
1046 2619 1131 2692 scio,
1157 2617 1190 2679 in

100 2715 349 2804 παραπλήσιος
376 2728 480 2783 tamen
509 2722 674 2784 immutare
703 2723 882 2800 neutiquam
905 2720 1060 2797 dubitavi,
1095 2740 1190 2802 quum

99 2845 162 2889 aon
183 2829 371 2909 intelligam,
403 2847 483 2908 quae
510 2829 571 2890 boe
599 2828 671 2890 loco
693 2827 833 2890 adverbii
854 2827 966 2890 relatio
988 2847 1057 2890 esse
1089 2831 1191 2909 possit

98 2931 164 3017 (au
178 2933 219 2995 ad
241 2923 422 3018 pistari),
444 2934 632 3016 adjectivum
645 2941 756 2996 contra
777 2915 955 2996 necessario
977 2933 1188 2996 desideretur.

183 3043 341 3125 τρίψας
362 3037 499 3122 ἐλαίῳ.
541 3043 588 3104 De
608 3043 668 3104 bac
689 3043 804 3104 Oceani
825 3043 1018 3123 conjectura,
1040 3059 1121 3120 quae
1141 3043 1190 3103 in·

98 3167 198 3232 super
225 3149 402 3212 Heraclidis
431 3150 503 3210 loco
532 3152 644 3212 nititur
672 3169 768 3232 supra
795 3149 907 3223 allato,
937 3145 1191 3212 dubitatio'esse

101 3259 197 3340 plane
217 3277 279 3320 uon
301 3263 424 3340 potesta
445 3259 577 3320 aiterum
593 3259 675 3336 enim
691 3257 774 3336 quod
790 3257 958 3337 proposuit
970 3253 1046 3341 μετ’
1060 3252 1189 3319 ἐλαίου

100 3367 263 3446 avulgata
283 3367 420 3426 lectione
442 3356 520 3424 λεῖα
541 3364 665 3446 longius
686 3364 784 3424 abest.
836 3361 907 3424 otei
933 3368 1037 3423 autem
1058 3364 1190 3426 mentio·

101 3491 173 3535 nem
196 3473 371 3534 desiderari
387 3473 454 3553 jam
474 3470 550 3533 lude
570 3475 668 3553 patet,
689 3467 774 3550 quod
788 3468 940 3548 proximis
960 3471 1065 3552 statim
1084 3473 1191 3535 verbis

102 3577 142 3642 de
164 3577 340 3660 unguendo,
353 3579 449 3640 verba
469 3577 561 3640 liunt.
602 3577 705 3640 Aliter
718 3575 801 3638 infra
820 3573 916 3636 babet
929 3575 983 3637 ubi
1004 3577 1192 3658 τριφθιῑσα
1212 3633 1214 3639 2

100 3685 178 3748 λεῖα
199 3687 337 3766 legitur,
365 3683 449 3764 quod
477 3683 561 3745 idem
582 3681 665 3744 vaiet
685 3699 722 3742 ae
743 3681 769 3743 si
790 3681 928 3761 scriptor
949 3701 1011 3744 uno
1032 3683 1130 3747 verbo
1150 3686 1190 3748 ab

101 3794 173 3875 ipso
193 3797 344 3872 usurpato
367 3791 496 3852 dixisset
516 3784 729 3851 λειανθεῖσα.
997 3872 1000 3878 ι
1114 3807 1126 3842 t

184 3894 458 3979 καταχρίιιαι.
510 3895 644 3977 Vulgata
672 3895 769 3956 lectio
790 3899 839 3956 est
858 3893 1086 3980 καταχρίσοι.’
1129 3897 1192 3977 Qui

103 4005 203 4066 loturi
231 4005 388 4084 optativus
418 4021 591 4082 quanquam
619 4019 659 4062 eo
689 4001 820 4064 consilio
849 4012 1017 4082 usurpatus
1037 4021 1106 4064 esse
1129 4004 1194 4066 dici

105 4114 222 4192 possit,
253 4118 289 4174 ut
315 4127 368 4172 res
397 4129 477 4190 quae
506 4108 654 4189 proditur
682 4109 779 4188 magia
811 4109 843 4169 iu
865 4111 987 4170 incerto
1008 4111 1193 4189 collocetur,

107 4238 176 4283 eum
204 4221 236 4282 in
268 4237 408 4282 sensum
432 4219 479 4294 „si
510 4219 579 4298 quia
610 4214 733 4294 quando
760 4233 877 4296 corpus
898 4223 1048 4279 uncturus
1069 4223 1192 4282 esset“:

811 4328 993 4398 ·27
