2728 4720
522 339 618 352 ·-··
669 297 915 407 452ῑῆ
1010 403 1012 408 .

240 500 472 566 Rittersbnsius
487 499 525 560 ad
542 497 697 580 Porphyr.
718 497 773 558 vit.
786 496 920 578 Pythag.
942 495 983 556 18
1003 501 1142 560 nostrum
1168 497 1258 578 frag·

160 616 298 672 mentum
329 609 414 690 quod
446 629 516 672 cum
547 609 692 688 prosaico
722 605 898 688 cohaerere
928 605 1081 668 credebat
1101 625 1162 704 uua
1183 625 1260 668 cum

157 717 322 798 hoctnihil
343 719 403 779 nisi
425 718 585 799 epitomen
609 713 702 776 Vitae
722 714 878 776 Graeciae
899 713 1162 775 Dicaearchiauae
1185 733 1259 776 esse

129 829 132 840 '
158 825 346 888 existimavit
363 821 425 910 ¹³),
457 841 548 904 quam
577 821 763 882 sententiam
794 819 910 882 deinde
940 821 975 882 L.
1007 820 1191 882 Holsteuins
1222 822 1258 884 in

158 933 296 1012 epistoll.
308 931 357 992 ud
372 933 511 994 Peiresc.
534 930 584 990 ed.
605 921 705 992 B'oiss.
726 948 759 1010 p.
773 927 813 988 ol
836 929 1030 1010 impugnavit
1044 933 1077 990 et
1093 929 1258 1008 poeticum

157 1049 298 1103 nostrum
319 1032 546 1122 fragmentum,
572 1045 685 1120 contra
713 1057 805 1117 qoam
825 1037 1055 1118 Rittershusins
1076 1043 1258 1120 putaverat,

157 1167 175 1216 a
196 1149 342 1227 prosaico
365 1149 459 1228 plane
480 1145 710 1228 segregandum
733 1163 803 1206 esse
823 1149 914 1204 recte
935 1144 1053 1204 statuit.
1102 1143 1258 1205 Getarum

158 1257 370 1337 auagvraphen,
392 1261 527 1336 excepta
549 1253 761 1336 Peloponnesi
784 1249 1016 1332 descriptione,
1036 1251 1192 1333 integram
1215 1251 1259 1312 ad

156 1382 214 1424 nos
240 1365 428 1448 pervenisse
459 1365 604 1443 opinatus
635 1366 695 1423 est.
749 1358 931 1422 Dodwellns
960 1361 994 1422 iu
1022 1357 1097 1420 diss.
1129 1359 1171 1420 de
1202 1359 1259 1422 Di-

158 1470 312 1532 caearcho
336 1471 365 1554 5.
386 1471 417 1532 o.
444 1469 673 1532 Dicaearchum
700 1469 832 1552 conjicit
859 1487 940 1550 opus
969 1469 1136 1530 metricum
1167 1487 1258 1530 com-

115 1571 120 1579 ’
158 1569 534 1664 ριειιίιιιάναγραφῆς
554 1578 680 1642 nomine
701 1597 805 1658 eoque
825 1577 921 1640 urbes
943 1581 976 1636 et
995 1576 1083 1638 iocos
1103 1577 1259 1658 insignio·

107 3381 118 3416 Ι

157 1706 211 1748 res
232 1689 266 1749 in'
278 1687 393 1748 tabella
414 1707 469 1749 sna
483 1687 699 1768 geographica
721 1685 899 1766 descriptos
919 1684 1091 1746 tradidisse
1111 1687 1258 1750 uersibus

92 1833 103 1844 -
157 1781 579 1877 memoriam'adju'vantibus
600 1795 709 1873 ibique
732 1813 769 1854 ea
790 1793 935 1872 inprimis
956 1794 1156 1884 respexisse,
1177 1813 1257 1874 quo·
1361 1865 1362 1884 χ

157 1923 228 1964 rum
249 1906 281 1964 in
303 1905 366 1965 vita
381 1903 536 1964 Graeciae
557 1905 659 1964 miuor
679 1887 762 1964 ratio
772 1885 883 1970 habita
904 1899 1012 1978 inerit,
1034 1903 1117 1964 sicut
1137 1901 1258 1968 insulas
1361 1895 1362 1918 ³

159 2011 298 2102 Graecas
320 2017 353 2073 et
374 2013 634 2094 Peloponnesum.
682 2010 747 2072 Sed
768 2016 899 2092 praeter
921 2009 1088 2072 Graeciam
1109 2009 1259 2072 Dodwel-

158 2119 206 2180 tus
228 2121 399 2181 arbitratur
420 2121 452 2181 iu
473 2121 660 2182 Dicaearchi
682 2120 862 2202 anagraphe
890 2125 1028 2182 ceteram
1050 2138 1178 2199 quoque
1200 2119 1258 2182 bs·

159 2225 287 2286 bitatum
314 2231 422 2287 terrae
453 2235 577 2307 partem
604 2233 770 2288 tractatam
797 2227 895 2288 iuissc
923 2232 957 2295 et
986 2225 1071 2306 quod
1092 2227 1125 2288 in
1146 2233 1258 2290 nostra

159 2333 343 2414 anagraphe
381 2333 537 2396 Graeciae
580 2339 700 2396 tanturn
739 2335 912 2416 descriptio
952 2325 1138 2396 exhibeatur
1178 2331 1257 2396 iude

105 2524 107 2528 Ι
157 2439 275 2500 factum
297 2441 451 2520 explicat,
481 2441 781 2522 quodlposterioris
811 2443 922 2507 aetatis
944 2441 1071 2522 quidam
1091 2441 1187 2503 homo
1218 2462 1259 2510 ea
1361 2445 1362 2476 r

115 2600 117 2604 ,
147 2551 278 2635 stantum
300 2549 484 2629 collegerit,
508 2549 648 2634 quaead
672 2551 755 2610 illam
777 2555 894 2612 terram
915 2543 1103 2632 pertineant.
1155 2550 1258 2632 Quam
1361 2551 1362 2566 ¹

158 2638 313 2722 uonwun
342 2657 528 2716 sententiam
556 2656 724 2718 olorinus
752 2657 826 2717 nini.
859 2658 914 2719 er.
935 2662 958 2718 ι
979 2656 1024 2733 ιι,
1046 2675 1078 2740 p.
1098 2653 1257 2736 ssosqq.

159 2766 319 2845 amplexus
349 2771 399 2826 est
420 2766 500 2826 hanc
523 2753 732 2853 ἀναγραφὴν
759 2769 795 2824 ut
814 2763 859 2824 ita
885 2761 987 2838 dicam
1008 2762 1069 2852 τῆς
1092 2759 1256 2850 οἰκουμὲ·

160 2890 218 2957 ope
239 2861 369 2952 insuper
389 2875 551 2951 suspicans
573 2871 735 2932 Strabonis
755 2869 826 2930 loco
848 2869 896 2948 11,
926 2891 959 2952 p.
981 2864 1043 2932 1⁰4
1063 2889 1110 2950 sq.
1132 2871 1255 2952 signiti-

160 2985 259 3039 catam
283 2997 362 3040 esse.
405 2979 544 3058 Tempus
567 2977 703 3058 denique
726 2986 789 3058 q‘uo
811 2971 1000 3066 ἀναγραφή
1024 2977 1257 3058 aDicaearcbo

85 3109 90 3124 ·
124 3111 128 3116 -
160 3086 306 3148 confecta
325 3085 424 3146 fuerit
444 3103 462 3146 a
486 3085 647 3147 Dodwello
665 3087 800 3178 ponitur
822 3085 1017 3168 Olympiadis
1035 3085 1133 3150 GXVt
1155 3065 1255 3148 anulus

34 3215 38 3223 “
160 3195 290 3274 primus.
340 3195 480 3274 Gorayus
502 3195 521 3254 t.
543 3195 564 3255 l.
592 3214 655 3256 uon
682 3201 800 3255 certam
822 3195 956 3276 protulit
984 3195 1024 3256 de
1052 3200 1160 3256 nostra
1182 3215 1257 3256 aua-

160 3303 282 3381 graphe
304 3305 508 3376 sententiam,
536 3321 616 3383 opus
639 3301 723 3381 quod
744 3303 931 3382 inscriptum
951 3293 1063 3364 fuisset
1084 3297 1173 3376 Βίος
1193 3304 1257 3380 τῆς

156 3399 324 3482 Ἑλλάδος
346 3409 569 3488 Theophrasto
593 3407 771 3468 dedicatum
791 3409 894 3492 fuisse
911 3415 1005 3502 atque
1026 3409 1101 3470 inde
1122 3413 1259 3480 nonnul·
1361 3421 1362 3470 i

159 3512 206 3576 las
234 3515 361 3576 lacinias
383 3517 530 3577 iambicos
558 3533 725 3595 superesse
746 3520 850 3593 ratus,
880 3515 937 3594 sed
966 3535 1027 3578 non
1058 3516 1259 3598 dijudicavit,

159 3627 266 3683 utrum
293 3623 352 3682 bae
383 3623 539 3701 reliquiae
565 3623 602 3685 ab
631 3623 701 3702 ipso
730 3622 924 3683 Dicaearcho
952 3643 989 3684 an
1019 3643 1037 3684 a
1065 3625 1258 3704 posterioris

160 3731 229 3792 aevi
250 3729 376 3790 homine
391 3731 555 3811 proiectae
578 3737 691 3791 essent.
733 3730 909 3793 Schoellius
929 3731 1002 3794 bist.
1018 3731 1074 3792 Gr.
1087 3730 1135 3792 lit.
1156 3737 1180 3792 t.
1202 3733 1256 3808 ill,

158 3857 192 3918 p.
220 3837 290 3898 137.
318 3837 545 3900 Dicaearchum
564 3837 702 3899 censuit
735 3827 945 3922 α’ναγραφὴν
983 3837 1044 3924 τῆς
1085 3827 1255 3914 Ἑλλάδος
1361 3889 1362 3926 ,

124 4027 127 4032 Α
158 3946 302 4008 versibus
333 3947 475 4008 iambicis
496 3947 710 4027 composuisse
742 3944 874 4028 ejusque
895 3946 1103 4027 fragmentum
1126 3953 1255 4012 centum
1361 3967 1362 3990 ³

162 4053 387 4132 quinquaginta
422 4053 564 4114 versibus
593 4051 854 4132 comprehensum
883 4051 985 4112 adhuc
1014 4058 1148 4116 exstare.
1204 4057 1255 4120 Da
1361 4077 1362 4128 j

161 4167 266 4220 autem
289 4159 328 4255 de
348 4160 522 4236 sententia,
554 4177 615 4238 qua
636 4179 704 4220 eam
725 4138 927 4240 anagraphen
947 4161 1008 4224 viri
1029 4161 1116 4226 docti
1137 4164 1254 4228 tabulis
1361 4157 1362 4168 ¹

149 4261 349 4328 'Dicaearchi
375 4265 599 4346 geographicis
631 4265 824 4356 illustrandis
855 4267 1035 4334 inserviissc
1064 4275 1255 4354 statuerunt,
1361 4295 1362 4320 ι
