<?xml version="1.0" encoding="UTF-8"?>
<!DOCTYPE html PUBLIC "-//W3C//DTD XHTML 1.0 Transitional//EN"
    "http://www.w3.org/TR/xhtml1/DTD/xhtml1-transitional.dtd">
<html xmlns="http://www.w3.org/1999/xhtml" xml:lang="en" lang="en">
 <head>
  <title>
</title>
<meta http-equiv="Content-Type" content="text/html;charset=utf-8" />
  <meta name='ocr-system' content='tesseract 3.04.00' />
  <meta name='ocr-capabilities' content='ocr_page ocr_carea ocr_par ocr_line ocrx_word'/>
</head>
<body>
  <div class='ocr_page' id='page_1' title='image "./dicaearchimesse00fuhrgoog_0517.png"; bbox 0 0 2728 4720; ppageno 0'>
   <div class='ocr_carea' id='block_1_1' title="bbox 533 309 910 386">
    <p class='ocr_par' dir='ltr' id='par_1_1' title="bbox 533 309 910 386">
     <span class='ocr_line' id='line_1_1' title="bbox 533 309 910 386; baseline -0.029 -1"><span class='ocrx_word' id='word_1_1' title='bbox 533 345 628 358; x_wconf 83' lang='grc'>--·-</span> <span class='ocrx_word' id='word_1_2' title='bbox 680 309 753 386; x_wconf 78' lang='lat'>502</span> <span class='ocrx_word' id='word_1_3' title='bbox 806 343 910 374; x_wconf 81' lang='grc'>--,</span> 
     </span>
    </p>
   </div>
   <div class='ocr_carea' id='block_1_2' title="bbox 100 483 1305 1888">
    <p class='ocr_par' dir='ltr' id='par_1_2' title="bbox 171 483 1266 892">
     <span class='ocr_line' id='line_1_2' title="bbox 173 483 1266 586; baseline -0.001 -17"><span class='ocrx_word' id='word_1_4' title='bbox 173 507 391 571; x_wconf 82' lang='lat' dir='ltr'>auctoritatem</span> <span class='ocrx_word' id='word_1_5' title='bbox 420 505 461 566; x_wconf 86' lang='lat' dir='ltr'>de</span> <span class='ocrx_word' id='word_1_6' title='bbox 486 509 646 586; x_wconf 87' lang='lat' dir='ltr'>scriptura</span> <span class='ocrx_word' id='word_1_7' title='bbox 674 483 855 570; x_wconf 71' lang='grc' dir='ltr'>ὑαόκιιται</span> <span class='ocrx_word' id='word_1_8' title='bbox 883 504 1022 567; x_wconf 81' lang='lat' dir='ltr'>dubitari</span> <span class='ocrx_word' id='word_1_9' title='bbox 1050 521 1112 567; x_wconf 86' lang='lat' dir='ltr'>nou</span> <span class='ocrx_word' id='word_1_10' title='bbox 1144 511 1266 586; x_wconf 79' lang='lat' dir='ltr'>potest.</span> 
     </span>
     <span class='ocr_line' id='line_1_3' title="bbox 171 613 1263 694; baseline -0.002 -16"><span class='ocrx_word' id='word_1_11' title='bbox 171 615 288 678; x_wconf 86' lang='lat' dir='ltr'>Nostro</span> <span class='ocrx_word' id='word_1_12' title='bbox 317 623 421 679; x_wconf 84' lang='lat' dir='ltr'>autum</span> <span class='ocrx_word' id='word_1_13' title='bbox 446 616 518 677; x_wconf 90' lang='lat' dir='ltr'>loco</span> <span class='ocrx_word' id='word_1_14' title='bbox 549 617 656 677; x_wconf 80' lang='lat' dir='ltr'>nescio</span> <span class='ocrx_word' id='word_1_15' title='bbox 686 621 790 677; x_wconf 86' lang='lat' dir='ltr'>utrum</span> <span class='ocrx_word' id='word_1_16' title='bbox 818 614 948 676; x_wconf 78' lang='lat' dir='ltr'>verbum</span> <span class='ocrx_word' id='word_1_17' title='bbox 978 631 1040 675; x_wconf 92' lang='lat' dir='ltr'>uou</span> <span class='ocrx_word' id='word_1_18' title='bbox 1065 613 1263 694; x_wconf 87' lang='lat' dir='ltr'>aptissimum</span> 
     </span>
     <span class='ocr_line' id='line_1_4' title="bbox 172 721 1265 803; baseline 0 -19"><span class='ocrx_word' id='word_1_19' title='bbox 172 723 372 803; x_wconf 85' lang='lat' dir='ltr'>compilatori</span> <span class='ocrx_word' id='word_1_20' title='bbox 391 724 469 784; x_wconf 86' lang='lat' dir='ltr'>vitio</span> <span class='ocrx_word' id='word_1_21' title='bbox 484 731 610 785; x_wconf 82' lang='lat' dir='ltr'>vertere</span> <span class='ocrx_word' id='word_1_22' title='bbox 631 742 670 785; x_wconf 90' lang='lat' dir='ltr'>au</span> <span class='ocrx_word' id='word_1_23' title='bbox 684 727 795 785; x_wconf 85' lang='lat' dir='ltr'>contra</span> <span class='ocrx_word' id='word_1_24' title='bbox 815 727 945 784; x_wconf 84' lang='lat' dir='ltr'>cutcrua</span> <span class='ocrx_word' id='word_1_25' title='bbox 959 721 1062 783; x_wconf 88' lang='lat' dir='ltr'>omnia</span> <span class='ocrx_word' id='word_1_26' title='bbox 1082 722 1265 784; x_wconf 85' lang='lat' dir='ltr'>testimonia</span> 
     </span>
     <span class='ocr_line' id='line_1_5' title="bbox 171 811 591 892; baseline 0.005 -2"><span class='ocrx_word' id='word_1_27' title='bbox 171 829 337 892; x_wconf 83' lang='lat' dir='ltr'>immutare</span> <span class='ocrx_word' id='word_1_28' title='bbox 360 830 537 892; x_wconf 83' lang='lat' dir='ltr'>debeamus.</span> <span class='ocrx_word' id='word_1_29' title='bbox 586 811 591 841; x_wconf 75' lang='lat'><strong>¹</strong></span> 
     </span>
    </p>

    <p class='ocr_par' dir='ltr' id='par_1_3' title="bbox 100 929 1265 1129">
     <span class='ocr_line' id='line_1_6' title="bbox 253 929 1265 1019; baseline 0.003 -22"><span class='ocrx_word' id='word_1_30' title='bbox 253 957 297 1000; x_wconf 91' lang='grc' dir='ltr'>ιι.</span> <span class='ocrx_word' id='word_1_31' title='bbox 316 937 368 1002; x_wconf 75' lang='grc'>83.</span> <span class='ocrx_word' id='word_1_32' title='bbox 390 939 424 1000; x_wconf 89' lang='lat' dir='ltr'>iu</span> <span class='ocrx_word' id='word_1_33' title='bbox 444 940 548 1000; x_wconf 90' lang='lat' dir='ltr'>locum</span> <span class='ocrx_word' id='word_1_34' title='bbox 569 940 747 1019; x_wconf 81' lang='lat' dir='ltr'>scripturae</span> <span class='ocrx_word' id='word_1_35' title='bbox 768 933 803 1002; x_wconf 83' lang='grc' dir='ltr'>κ’</span> <span class='ocrx_word' id='word_1_36' title='bbox 825 929 918 1000; x_wconf 75' lang='grc' dir='ltr'>ἔστιν</span> <span class='ocrx_word' id='word_1_37' title='bbox 938 937 979 1000; x_wconf 82' lang='lat' dir='ltr'>ab</span> <span class='ocrx_word' id='word_1_38' title='bbox 998 937 1142 999; x_wconf 83' lang='lat' dir='ltr'>omuibus</span> <span class='ocrx_word' id='word_1_39' title='bbox 1162 955 1265 1018; x_wconf 84' lang='lat' dir='ltr'>quau·</span> 
     </span>
     <span class='ocr_line' id='line_1_7' title="bbox 100 1025 1264 1129; baseline 0 -21"><span class='ocrx_word' id='word_1_40' title='bbox 100 1050 102 1056; x_wconf 88' lang='grc'><strong>’</strong></span> <span class='ocrx_word' id='word_1_41' title='bbox 169 1051 235 1108; x_wconf 90' lang='lat' dir='ltr'>tum</span> <span class='ocrx_word' id='word_1_42' title='bbox 257 1048 324 1108; x_wconf 86' lang='lat' dir='ltr'>acio</span> <span class='ocrx_word' id='word_1_43' title='bbox 345 1047 520 1109; x_wconf 73' lang='lat' dir='ltr'><strong>editoribus</strong></span> <span class='ocrx_word' id='word_1_44' title='bbox 540 1025 761 1129; x_wconf 80' lang='lat' dir='ltr'>comprobatas</span> <span class='ocrx_word' id='word_1_45' title='bbox 776 1045 945 1111; x_wconf 74' lang='lat' dir='ltr'>Vulcanius</span> <span class='ocrx_word' id='word_1_46' title='bbox 966 1038 1087 1110; x_wconf 78' lang='grc' dir='ltr'>κᾶστιν</span> <span class='ocrx_word' id='word_1_47' title='bbox 1108 1045 1264 1108; x_wconf 80' lang='lat' dir='ltr'>exhibuit.</span> 
     </span>
    </p>

    <p class='ocr_par' dir='ltr' id='par_1_4' title="bbox 167 1141 1266 1455">
     <span class='ocr_line' id='line_1_8' title="bbox 251 1141 1265 1240; baseline 0.001 -27"><span class='ocrx_word' id='word_1_48' title='bbox 251 1169 295 1215; x_wconf 85' lang='lat' dir='ltr'>vs</span> <span class='ocrx_word' id='word_1_49' title='bbox 308 1152 361 1215; x_wconf 80' lang='lat'>84.</span> <span class='ocrx_word' id='word_1_50' title='bbox 381 1155 445 1218; x_wconf 85' lang='lat' dir='ltr'>Pru</span> <span class='ocrx_word' id='word_1_51' title='bbox 467 1143 509 1240; x_wconf 63' lang='lat' dir='ltr'>od</span> <span class='ocrx_word' id='word_1_52' title='bbox 531 1145 594 1238; x_wconf 70' lang='grc' dir='ltr'>μὲν</span> <span class='ocrx_word' id='word_1_53' title='bbox 612 1145 759 1218; x_wconf 77' lang='grc' dir='ltr'>Ἐλικιόν</span> <span class='ocrx_word' id='word_1_54' title='bbox 773 1153 943 1220; x_wconf 71' lang='lat' dir='ltr'>Vulcanius</span> <span class='ocrx_word' id='word_1_55' title='bbox 956 1153 1111 1234; x_wconf 85' lang='lat' dir='ltr'>particula</span> <span class='ocrx_word' id='word_1_56' title='bbox 1124 1141 1165 1214; x_wconf 77' lang='grc' dir='ltr'>δέ</span> <span class='ocrx_word' id='word_1_57' title='bbox 1180 1171 1265 1233; x_wconf 85' lang='lat' dir='ltr'>quau</span> 
     </span>
     <span class='ocr_line' id='line_1_9' title="bbox 167 1248 1266 1344; baseline 0.002 -22"><span class='ocrx_word' id='word_1_58' title='bbox 167 1267 243 1342; x_wconf 85' lang='lat' dir='ltr'>post</span> <span class='ocrx_word' id='word_1_59' title='bbox 263 1248 381 1342; x_wconf 72' lang='grc' dir='ltr'><em>ἕτερον</em></span> <span class='ocrx_word' id='word_1_60' title='bbox 402 1263 509 1344; x_wconf 87' lang='lat' dir='ltr'>potius</span> <span class='ocrx_word' id='word_1_61' title='bbox 537 1266 682 1344; x_wconf 83' lang='lat' dir='ltr'>sequenti</span> <span class='ocrx_word' id='word_1_62' title='bbox 707 1282 800 1326; x_wconf 82' lang='lat' dir='ltr'>versu</span> <span class='ocrx_word' id='word_1_63' title='bbox 821 1263 1065 1344; x_wconf 67' lang='lat' dir='ltr'>exspectabatur</span> <span class='ocrx_word' id='word_1_64' title='bbox 1089 1263 1266 1324; x_wconf 76' lang='lat' dir='ltr'>interserta</span> 
     </span>
     <span class='ocr_line' id='line_1_10' title="bbox 168 1360 716 1455; baseline 0.004 -23"><span class='ocrx_word' id='word_1_65' title='bbox 168 1360 211 1432; x_wconf 80' lang='grc' dir='ltr'>τὸ</span> <span class='ocrx_word' id='word_1_66' title='bbox 233 1360 297 1455; x_wconf 80' lang='grc' dir='ltr'>μὲν</span> <span class='ocrx_word' id='word_1_67' title='bbox 320 1367 354 1432; x_wconf 86' lang='grc' dir='ltr'>δ’</span> <span class='ocrx_word' id='word_1_68' title='bbox 371 1365 716 1455; x_wconf 72' lang='lat' dir='ltr'>&#39;Etcnoivpropomit</span> 
     </span>
    </p>

    <p class='ocr_par' dir='ltr' id='par_1_5' title="bbox 227 1459 1262 1563">
     <span class='ocr_line' id='line_1_11' title="bbox 227 1459 1262 1563; baseline 0.003 -24"><span class='ocrx_word' id='word_1_69' title='bbox 227 1544 230 1549; x_wconf 67' lang='grc'><strong>,</strong></span> <span class='ocrx_word' id='word_1_70' title='bbox 250 1497 294 1540; x_wconf 91' lang='grc' dir='ltr'>ι.</span> <span class='ocrx_word' id='word_1_71' title='bbox 307 1459 443 1542; x_wconf 71' lang='lat' dir='ltr'>flo&#39;t’ro</span> <span class='ocrx_word' id='word_1_72' title='bbox 464 1482 588 1563; x_wconf 75' lang='lat' dir='ltr'>vulgato</span> <span class='ocrx_word' id='word_1_73' title='bbox 603 1472 667 1545; x_wconf 80' lang='grc' dir='ltr'><em>εἶτ’</em></span> <span class='ocrx_word' id='word_1_74' title='bbox 690 1473 764 1544; x_wconf 72' lang='grc' dir='ltr'>ἔστ’</span> <span class='ocrx_word' id='word_1_75' title='bbox 787 1477 1005 1543; x_wconf 85' lang='lat' dir='ltr'>Buttmaouum</span> <span class='ocrx_word' id='word_1_76' title='bbox 1019 1477 1133 1542; x_wconf 82' lang='lat' dir='ltr'>codem</span> <span class='ocrx_word' id='word_1_77' title='bbox 1154 1477 1262 1552; x_wconf 88' lang='lat' dir='ltr'>modo,</span> 
     </span>
    </p>

    <p class='ocr_par' dir='ltr' id='par_1_6' title="bbox 168 1579 1305 1792">
     <span class='ocr_line' id='line_1_12' title="bbox 169 1579 1260 1672; baseline 0.002 -25"><span class='ocrx_word' id='word_1_78' title='bbox 169 1604 232 1666; x_wconf 82' lang='lat' dir='ltr'>quc</span> <span class='ocrx_word' id='word_1_79' title='bbox 253 1593 326 1649; x_wconf 88' lang='lat' dir='ltr'>autc</span> <span class='ocrx_word' id='word_1_80' title='bbox 347 1607 419 1650; x_wconf 89' lang='lat' dir='ltr'>cum</span> <span class='ocrx_word' id='word_1_81' title='bbox 439 1588 643 1668; x_wconf 84' lang='lat' dir='ltr'>Vulcanium,</span> <span class='ocrx_word' id='word_1_82' title='bbox 674 1579 761 1654; x_wconf 76' lang='grc' dir='ltr'><em>εἶτεν</em></span> <span class='ocrx_word' id='word_1_83' title='bbox 782 1589 950 1672; x_wconf 75' lang='lat' dir='ltr'>tegendum</span> <span class='ocrx_word' id='word_1_84' title='bbox 971 1589 1177 1670; x_wconf 84' lang='lat' dir='ltr'>prauccpiaac</span> <span class='ocrx_word' id='word_1_85' title='bbox 1192 1585 1260 1670; x_wconf 77' lang='lat' dir='ltr'>jam</span> 
     </span>
     <span class='ocr_line' id='line_1_13' title="bbox 168 1696 1305 1792; baseline 0.014 -37"><span class='ocrx_word' id='word_1_86' title='bbox 168 1711 266 1775; x_wconf 88' lang='lat' dir='ltr'>supra</span> <span class='ocrx_word' id='word_1_87' title='bbox 286 1696 501 1760; x_wconf 77' lang='lat' dir='ltr'>animadverti.</span> <span class='ocrx_word' id='word_1_88' title='bbox 907 1777 914 1788; x_wconf 92' lang='lat'>.</span> <span class='ocrx_word' id='word_1_89' title='bbox 1295 1765 1305 1792; x_wconf 71' lang='lat'><strong>,</strong></span> 
     </span>
    </p>

    <p class='ocr_par' dir='ltr' id='par_1_7' title="bbox 250 1801 1262 1888">
     <span class='ocr_line' id='line_1_14' title="bbox 250 1801 1262 1888; baseline 0 -23"><span class='ocrx_word' id='word_1_90' title='bbox 250 1821 294 1867; x_wconf 89' lang='grc' dir='ltr'>ιι.</span> <span class='ocrx_word' id='word_1_91' title='bbox 315 1804 359 1866; x_wconf 77' lang='lat' dir='ltr'>Sd</span> <span class='ocrx_word' id='word_1_92' title='bbox 379 1823 426 1886; x_wconf 84' lang='lat' dir='ltr'>sq.</span> <span class='ocrx_word' id='word_1_93' title='bbox 454 1807 637 1888; x_wconf 79' lang='lat' dir='ltr'>Amphiarai</span> <span class='ocrx_word' id='word_1_94' title='bbox 666 1807 788 1884; x_wconf 83' lang='lat' dir='ltr'>ianam,</span> <span class='ocrx_word' id='word_1_95' title='bbox 815 1806 899 1887; x_wconf 82' lang='lat' dir='ltr'>quod</span> <span class='ocrx_word' id='word_1_96' title='bbox 927 1801 1098 1868; x_wconf 81' lang='lat' dir='ltr'>secuudum</span> <span class='ocrx_word' id='word_1_97' title='bbox 1118 1807 1262 1866; x_wconf 77' lang='lat' dir='ltr'>austrum</span> 
     </span>
    </p>
   </div>
   <div class='ocr_carea' id='block_1_3' title="bbox 72 1899 1262 1990">
    <p class='ocr_par' dir='ltr' id='par_1_8' title="bbox 72 1899 1262 1990">
     <span class='ocr_line' id='line_1_15' title="bbox 72 1899 1262 1990; baseline 0.002 -22"><span class='ocrx_word' id='word_1_98' title='bbox 72 1927 75 1936; x_wconf 91' lang='lat'>·</span> <span class='ocrx_word' id='word_1_99' title='bbox 167 1907 271 1972; x_wconf 89' lang='lat' dir='ltr'>locum</span> <span class='ocrx_word' id='word_1_100' title='bbox 293 1929 311 1974; x_wconf 87' lang='lat' dir='ltr'>a</span> <span class='ocrx_word' id='word_1_101' title='bbox 331 1915 411 1975; x_wconf 85' lang='lat' dir='ltr'>mari</span> <span class='ocrx_word' id='word_1_102' title='bbox 431 1931 493 1976; x_wconf 91' lang='lat' dir='ltr'>nou</span> <span class='ocrx_word' id='word_1_103' title='bbox 514 1915 643 1976; x_wconf 89' lang='lat' dir='ltr'>muitum</span> <span class='ocrx_word' id='word_1_104' title='bbox 665 1899 789 1990; x_wconf 78' lang='lat' dir='ltr'>adorat,</span> <span class='ocrx_word' id='word_1_105' title='bbox 808 1914 993 1990; x_wconf 81' lang='lat' dir='ltr'>Pausanias,</span> <span class='ocrx_word' id='word_1_106' title='bbox 1019 1918 1055 1974; x_wconf 88' lang='lat' dir='ltr'>ut</span> <span class='ocrx_word' id='word_1_107' title='bbox 1076 1911 1199 1973; x_wconf 81' lang='lat' dir='ltr'>(isitius</span> <span class='ocrx_word' id='word_1_108' title='bbox 1220 1910 1262 1972; x_wconf 89' lang='lat' dir='ltr'>ad</span> 
     </span>
    </p>
   </div>
   <div class='ocr_carea' id='block_1_4' title="bbox 156 2017 1348 4358">
    <p class='ocr_par' dir='ltr' id='par_1_9' title="bbox 160 2017 1263 3160">
     <span class='ocr_line' id='line_1_16' title="bbox 165 2017 1261 2100; baseline 0.001 -22"><span class='ocrx_word' id='word_1_109' title='bbox 165 2017 250 2079; x_wconf 86' lang='lat' dir='ltr'>hunc</span> <span class='ocrx_word' id='word_1_110' title='bbox 270 2019 374 2082; x_wconf 87' lang='lat' dir='ltr'>locum</span> <span class='ocrx_word' id='word_1_111' title='bbox 396 2020 572 2098; x_wconf 74' lang='lat' dir='ltr'>adnotavit,</span> <span class='ocrx_word' id='word_1_112' title='bbox 601 2021 768 2085; x_wconf 78' lang='lat' dir='ltr'>duodecim</span> <span class='ocrx_word' id='word_1_113' title='bbox 789 2021 961 2084; x_wconf 83' lang='lat' dir='ltr'>stadiorum</span> <span class='ocrx_word' id='word_1_114' title='bbox 989 2020 1093 2100; x_wconf 85' lang='lat' dir='ltr'>spatio</span> <span class='ocrx_word' id='word_1_115' title='bbox 1114 2018 1189 2080; x_wconf 82' lang='lat' dir='ltr'>iuda</span> <span class='ocrx_word' id='word_1_116' title='bbox 1212 2018 1261 2079; x_wconf 89' lang='lat' dir='ltr'>di·</span> 
     </span>
     <span class='ocr_line' id='line_1_17' title="bbox 165 2123 1259 2203; baseline 0 -18"><span class='ocrx_word' id='word_1_117' title='bbox 165 2129 250 2186; x_wconf 86' lang='lat' dir='ltr'>staro</span> <span class='ocrx_word' id='word_1_118' title='bbox 280 2129 458 2190; x_wconf 76' lang='lat' dir='ltr'>accuratius</span> <span class='ocrx_word' id='word_1_119' title='bbox 485 2128 647 2192; x_wconf 85' lang='lat' dir='ltr'>iudicavit.</span> <span class='ocrx_word' id='word_1_120' title='bbox 695 2129 774 2190; x_wconf 89' lang='lat' dir='ltr'>iliud</span> <span class='ocrx_word' id='word_1_121' title='bbox 795 2135 899 2190; x_wconf 79' lang='lat' dir='ltr'>autum</span> <span class='ocrx_word' id='word_1_122' title='bbox 919 2127 1042 2203; x_wconf 83' lang='lat' dir='ltr'>iaoum,</span> <span class='ocrx_word' id='word_1_123' title='bbox 1071 2123 1112 2186; x_wconf 88' lang='lat' dir='ltr'>dc</span> <span class='ocrx_word' id='word_1_124' title='bbox 1134 2141 1198 2203; x_wconf 83' lang='lat' dir='ltr'>quo</span> <span class='ocrx_word' id='word_1_125' title='bbox 1220 2126 1259 2186; x_wconf 90' lang='lat' dir='ltr'>ad</span> 
     </span>
     <span class='ocr_line' id='line_1_18' title="bbox 164 2233 1261 2318; baseline 0.002 -24"><span class='ocrx_word' id='word_1_126' title='bbox 164 2235 344 2313; x_wconf 89' lang='lat' dir='ltr'>prosaicum</span> <span class='ocrx_word' id='word_1_127' title='bbox 365 2235 574 2316; x_wconf 79' lang='lat' dir='ltr'>iragmsntum</span> <span class='ocrx_word' id='word_1_128' title='bbox 596 2239 742 2298; x_wconf 84' lang='lat' dir='ltr'>nonnulla</span> <span class='ocrx_word' id='word_1_129' title='bbox 763 2238 914 2318; x_wconf 80' lang='lat' dir='ltr'>exposui,</span> <span class='ocrx_word' id='word_1_130' title='bbox 936 2233 1053 2301; x_wconf 81' lang='lat' dir='ltr'>accolis</span> <span class='ocrx_word' id='word_1_131' title='bbox 1072 2236 1261 2296; x_wconf 79' lang='lat' dir='ltr'>instratctunu</span> 
     </span>
     <span class='ocr_line' id='line_1_19' title="bbox 165 2341 1259 2428; baseline 0.002 -27"><span class='ocrx_word' id='word_1_132' title='bbox 165 2347 198 2402; x_wconf 87' lang='lat' dir='ltr'>ct</span> <span class='ocrx_word' id='word_1_133' title='bbox 227 2341 260 2402; x_wconf 90' lang='lat' dir='ltr'>iu</span> <span class='ocrx_word' id='word_1_134' title='bbox 290 2343 378 2404; x_wconf 82' lang='lat' dir='ltr'>uuida</span> <span class='ocrx_word' id='word_1_135' title='bbox 407 2345 548 2422; x_wconf 81' lang='lat' dir='ltr'>speciem</span> <span class='ocrx_word' id='word_1_136' title='bbox 583 2343 749 2407; x_wconf 86' lang='lat' dir='ltr'>adauctum</span> <span class='ocrx_word' id='word_1_137' title='bbox 786 2343 885 2406; x_wconf 85' lang='lat' dir='ltr'>iuiaas</span> <span class='ocrx_word' id='word_1_138' title='bbox 912 2343 1035 2406; x_wconf 77' lang='lat' dir='ltr'>(tritius</span> <span class='ocrx_word' id='word_1_139' title='bbox 1068 2345 1259 2428; x_wconf 81' lang='lat' dir='ltr'>auspicatur.</span> 
     </span>
     <span class='ocr_line' id='line_1_20' title="bbox 164 2447 1261 2532; baseline 0.002 -22"><span class='ocrx_word' id='word_1_140' title='bbox 164 2447 233 2510; x_wconf 86' lang='lat' dir='ltr'>Hac</span> <span class='ocrx_word' id='word_1_141' title='bbox 264 2450 296 2510; x_wconf 90' lang='lat' dir='ltr'>iu</span> <span class='ocrx_word' id='word_1_142' title='bbox 321 2467 359 2510; x_wconf 82' lang='lat' dir='ltr'>rc</span> <span class='ocrx_word' id='word_1_143' title='bbox 381 2469 462 2530; x_wconf 86' lang='lat' dir='ltr'>quac</span> <span class='ocrx_word' id='word_1_144' title='bbox 490 2451 532 2512; x_wconf 87' lang='lat' dir='ltr'>ds</span> <span class='ocrx_word' id='word_1_145' title='bbox 559 2452 629 2514; x_wconf 87' lang='lat' dir='ltr'>aiiis</span> <span class='ocrx_word' id='word_1_146' title='bbox 654 2453 733 2515; x_wconf 89' lang='lat' dir='ltr'>locis</span> <span class='ocrx_word' id='word_1_147' title='bbox 760 2453 961 2532; x_wconf 84' lang='lat' dir='ltr'>aprincipio</span> <span class='ocrx_word' id='word_1_148' title='bbox 988 2451 1111 2513; x_wconf 87' lang='lat' dir='ltr'>uouuisi</span> <span class='ocrx_word' id='word_1_149' title='bbox 1131 2451 1261 2531; x_wconf 82' lang='lat' dir='ltr'>templis</span> 
     </span>
     <span class='ocr_line' id='line_1_21' title="bbox 166 2555 1260 2639; baseline 0.002 -23"><span class='ocrx_word' id='word_1_150' title='bbox 166 2564 198 2616; x_wconf 86' lang='lat' dir='ltr'>et</span> <span class='ocrx_word' id='word_1_151' title='bbox 226 2561 356 2636; x_wconf 75' lang='lat' dir='ltr'>postero</span> <span class='ocrx_word' id='word_1_152' title='bbox 385 2564 532 2638; x_wconf 79' lang='lat' dir='ltr'>tompore</span> <span class='ocrx_word' id='word_1_153' title='bbox 552 2557 592 2619; x_wconf 90' lang='lat' dir='ltr'>ad</span> <span class='ocrx_word' id='word_1_154' title='bbox 613 2558 699 2620; x_wconf 83' lang='lat' dir='ltr'>uicos</span> <span class='ocrx_word' id='word_1_155' title='bbox 729 2558 780 2619; x_wconf 86' lang='lat' dir='ltr'>vei</span> <span class='ocrx_word' id='word_1_156' title='bbox 801 2558 921 2639; x_wconf 89' lang='lat' dir='ltr'>oppida</span> <span class='ocrx_word' id='word_1_157' title='bbox 942 2559 1077 2636; x_wconf 77' lang='lat' dir='ltr'>avectis,</span> <span class='ocrx_word' id='word_1_158' title='bbox 1107 2557 1190 2619; x_wconf 86' lang='lat' dir='ltr'>sicut</span> <span class='ocrx_word' id='word_1_159' title='bbox 1218 2555 1260 2618; x_wconf 87' lang='lat' dir='ltr'>dc</span> 
     </span>
     <span class='ocr_line' id='line_1_22' title="bbox 164 2647 1263 2751; baseline 0.004 -28"><span class='ocrx_word' id='word_1_160' title='bbox 164 2661 306 2743; x_wconf 72' lang='lat' dir='ltr'>delphis,</span> <span class='ocrx_word' id='word_1_161' title='bbox 328 2663 475 2746; x_wconf 79' lang='lat' dir='ltr'>Olympia</span> <span class='ocrx_word' id='word_1_162' title='bbox 495 2673 528 2727; x_wconf 84' lang='lat' dir='ltr'>ct</span> <span class='ocrx_word' id='word_1_163' title='bbox 548 2665 650 2751; x_wconf 78' lang='lat' dir='ltr'>Delio,</span> <span class='ocrx_word' id='word_1_164' title='bbox 670 2667 799 2742; x_wconf 85' lang='lat' dir='ltr'>monuit,</span> <span class='ocrx_word' id='word_1_165' title='bbox 820 2647 1044 2746; x_wconf 39' lang='lat' dir='ltr'>prout&#39;rsrum</span> <span class='ocrx_word' id='word_1_166' title='bbox 1064 2667 1182 2726; x_wconf 78' lang='lat' dir='ltr'>auritas</span> <span class='ocrx_word' id='word_1_167' title='bbox 1204 2683 1263 2727; x_wconf 81' lang='lat' dir='ltr'>cx-</span> 
     </span>
     <span class='ocr_line' id='line_1_23' title="bbox 163 2771 1259 2855; baseline 0.004 -23"><span class='ocrx_word' id='word_1_168' title='bbox 163 2773 241 2852; x_wconf 75' lang='lat' dir='ltr'>igit‚</span> <span class='ocrx_word' id='word_1_169' title='bbox 269 2771 475 2836; x_wconf 82' lang='lat' dir='ltr'>libentissimo</span> <span class='ocrx_word' id='word_1_170' title='bbox 506 2773 667 2849; x_wconf 88' lang='lat' dir='ltr'>couccdo;</span> <span class='ocrx_word' id='word_1_171' title='bbox 696 2773 737 2836; x_wconf 81' lang='lat' dir='ltr'>ds</span> <span class='ocrx_word' id='word_1_172' title='bbox 766 2773 950 2855; x_wconf 76' lang='lat' dir='ltr'>Amphiarai</span> <span class='ocrx_word' id='word_1_173' title='bbox 980 2791 1057 2836; x_wconf 84' lang='lat' dir='ltr'>varo</span> <span class='ocrx_word' id='word_1_174' title='bbox 1078 2773 1171 2851; x_wconf 81' lang='lat' dir='ltr'>iano,</span> <span class='ocrx_word' id='word_1_175' title='bbox 1201 2774 1259 2836; x_wconf 80' lang='lat' dir='ltr'>oui</span> 
     </span>
     <span class='ocr_line' id='line_1_24' title="bbox 163 2863 1258 2970; baseline 0.004 -30"><span class='ocrx_word' id='word_1_176' title='bbox 163 2879 281 2942; x_wconf 82' lang='lat' dir='ltr'>nullum</span> <span class='ocrx_word' id='word_1_177' title='bbox 301 2883 468 2962; x_wconf 86' lang='lat' dir='ltr'>scriptoris</span> <span class='ocrx_word' id='word_1_178' title='bbox 481 2863 693 2946; x_wconf 83' lang='lat' dir='ltr'>testimonium</span> <span class='ocrx_word' id='word_1_179' title='bbox 714 2877 867 2960; x_wconf 70' lang='lat' dir='ltr'>adustio</span> <span class='ocrx_word' id='word_1_180' title='bbox 888 2883 1012 2970; x_wconf 72' lang='lat' dir='ltr'>iuocrto</span> <span class='ocrx_word' id='word_1_181' title='bbox 1033 2881 1179 2962; x_wconf 82' lang='lat' dir='ltr'>relinquo</span> <span class='ocrx_word' id='word_1_182' title='bbox 1200 2900 1258 2944; x_wconf 83' lang='lat' dir='ltr'>ne-</span> 
     </span>
     <span class='ocr_line' id='line_1_25' title="bbox 163 2987 1258 3074; baseline 0.002 -26"><span class='ocrx_word' id='word_1_183' title='bbox 163 3005 226 3066; x_wconf 82' lang='lat' dir='ltr'>quo</span> <span class='ocrx_word' id='word_1_184' title='bbox 246 2987 321 3050; x_wconf 87' lang='lat' dir='ltr'>idco</span> <span class='ocrx_word' id='word_1_185' title='bbox 344 2989 428 3074; x_wconf 92' lang='lat' dir='ltr'>quod</span> <span class='ocrx_word' id='word_1_186' title='bbox 449 2990 487 3051; x_wconf 83' lang='lat' dir='ltr'>ab</span> <span class='ocrx_word' id='word_1_187' title='bbox 508 2991 705 3073; x_wconf 69' lang='lat' dir='ltr'>anagraphcs</span> <span class='ocrx_word' id='word_1_188' title='bbox 725 2996 855 3053; x_wconf 86' lang='lat' dir='ltr'>auctcrc</span> <span class='ocrx_word' id='word_1_189' title='bbox 875 2995 1079 3052; x_wconf 78' lang='lat' dir='ltr'>memoratum</span> <span class='ocrx_word' id='word_1_190' title='bbox 1101 2997 1149 3051; x_wconf 84' lang='lat' dir='ltr'>cst</span> <span class='ocrx_word' id='word_1_191' title='bbox 1170 2988 1258 3052; x_wconf 86' lang='lat' dir='ltr'>istud</span> 
     </span>
     <span class='ocr_line' id='line_1_26' title="bbox 160 3097 585 3160; baseline 0.007 -3"><span class='ocrx_word' id='word_1_192' title='bbox 160 3097 257 3158; x_wconf 82' lang='grc' dir='ltr'>ιιιιιί</span> <span class='ocrx_word' id='word_1_193' title='bbox 280 3115 411 3158; x_wconf 80' lang='lat' dir='ltr'>necasse</span> <span class='ocrx_word' id='word_1_194' title='bbox 433 3097 585 3160; x_wconf 83' lang='lat' dir='ltr'>duxerim.</span> 
     </span>
    </p>

    <p class='ocr_par' dir='ltr' id='par_1_10' title="bbox 158 3187 1257 3827">
     <span class='ocr_line' id='line_1_27' title="bbox 244 3187 1257 3294; baseline 0.003 -29"><span class='ocrx_word' id='word_1_195' title='bbox 244 3222 288 3266; x_wconf 87' lang='grc' dir='ltr'>ιι.</span> <span class='ocrx_word' id='word_1_196' title='bbox 308 3205 360 3266; x_wconf 80' lang='grc'>88.</span> <span class='ocrx_word' id='word_1_197' title='bbox 372 3205 429 3294; x_wconf 27' lang='lat' dir='ltr'>&#39;Dc</span> <span class='ocrx_word' id='word_1_198' title='bbox 447 3187 572 3269; x_wconf 62' lang='lat' dir='ltr'>ualidis</span> <span class='ocrx_word' id='word_1_199' title='bbox 592 3212 687 3288; x_wconf 92' lang='lat' dir='ltr'>portu</span> <span class='ocrx_word' id='word_1_200' title='bbox 707 3205 869 3270; x_wconf 83' lang='lat' dir='ltr'>Strabonis</span> <span class='ocrx_word' id='word_1_201' title='bbox 888 3207 978 3270; x_wconf 85' lang='lat' dir='ltr'>locus</span> <span class='ocrx_word' id='word_1_202' title='bbox 999 3223 1093 3292; x_wconf 81' lang='lat' dir='ltr'>quam</span> <span class='ocrx_word' id='word_1_203' title='bbox 1112 3203 1257 3268; x_wconf 82' lang='lat' dir='ltr'>Murrius</span> 
     </span>
     <span class='ocr_line' id='line_1_28' title="bbox 161 3303 1256 3403; baseline 0.006 -32"><span class='ocrx_word' id='word_1_204' title='bbox 161 3308 309 3392; x_wconf 81' lang='lat' dir='ltr'>allegavit</span> <span class='ocrx_word' id='word_1_205' title='bbox 329 3313 471 3376; x_wconf 78' lang='lat' dir='ltr'>conferri</span> <span class='ocrx_word' id='word_1_206' title='bbox 491 3319 599 3403; x_wconf 81' lang='lat' dir='ltr'>potest</span> <span class='ocrx_word' id='word_1_207' title='bbox 618 3315 678 3391; x_wconf 84' lang='lat' dir='ltr'>IX,</span> <span class='ocrx_word' id='word_1_208' title='bbox 698 3335 731 3398; x_wconf 91' lang='lat' dir='ltr'>p.</span> <span class='ocrx_word' id='word_1_209' title='bbox 750 3313 823 3377; x_wconf 79' lang='lat'>4⁰8.</span> <span class='ocrx_word' id='word_1_210' title='bbox 845 3304 1040 3400; x_wconf 70' lang='grc' dir='ltr'>εἶταλιμῆι</span> <span class='ocrx_word' id='word_1_211' title='bbox 1060 3303 1190 3400; x_wconf 78' lang='grc' dir='ltr'><em>μέγας,</em></span> <span class='ocrx_word' id='word_1_212' title='bbox 1213 3305 1256 3378; x_wconf 80' lang='grc' dir='ltr'>ὃν</span> 
     </span>
     <span class='ocr_line' id='line_1_29' title="bbox 161 3409 1254 3510; baseline 0.004 -30"><span class='ocrx_word' id='word_1_213' title='bbox 161 3409 309 3498; x_wconf 67' lang='lat' dir='ltr'>trudonica</span> <span class='ocrx_word' id='word_1_214' title='bbox 336 3411 451 3494; x_wconf 75' lang='grc' dir='ltr'><em>βαθὺν</em></span> <span class='ocrx_word' id='word_1_215' title='bbox 477 3413 609 3510; x_wconf 78' lang='grc' dir='ltr'>λιμένα.</span> <span class='ocrx_word' id='word_1_216' title='bbox 637 3412 703 3484; x_wconf 78' lang='grc' dir='ltr'>εἶθ’</span> <span class='ocrx_word' id='word_1_217' title='bbox 741 3416 762 3506; x_wconf 75' lang='grc' dir='ltr'><em>ἦ</em></span> <span class='ocrx_word' id='word_1_218' title='bbox 788 3417 894 3496; x_wconf 85' lang='grc' dir='ltr'><em>Αὐλὶς</em></span> <span class='ocrx_word' id='word_1_219' title='bbox 918 3419 1095 3504; x_wconf 71' lang='grc' dir='ltr'><em>πετρῶδες</em></span> <span class='ocrx_word' id='word_1_220' title='bbox 1120 3424 1254 3503; x_wconf 82' lang='grc' dir='ltr'><em>χωρίον</em></span> 
     </span>
     <span class='ocr_line' id='line_1_30' title="bbox 160 3518 1252 3615; baseline 0.001 -29"><span class='ocrx_word' id='word_1_221' title='bbox 160 3523 221 3586; x_wconf 77' lang='grc' dir='ltr'>καὶ</span> <span class='ocrx_word' id='word_1_222' title='bbox 242 3518 342 3614; x_wconf 71' lang='grc' dir='ltr'><strong><em>κώμη</em></strong></span> <span class='ocrx_word' id='word_1_223' title='bbox 370 3521 616 3613; x_wconf 80' lang='grc' dir='ltr'><em>Ταναγραίων·</em></span> <span class='ocrx_word' id='word_1_224' title='bbox 637 3519 739 3615; x_wconf 70' lang='grc' dir='ltr'>λιμήν</span> <span class='ocrx_word' id='word_1_225' title='bbox 760 3523 796 3590; x_wconf 85' lang='grc' dir='ltr'>ὁ’</span> <span class='ocrx_word' id='word_1_226' title='bbox 819 3523 891 3591; x_wconf 76' lang='grc' dir='ltr'>ἐστὶ</span> <span class='ocrx_word' id='word_1_227' title='bbox 911 3519 1129 3613; x_wconf 69' lang='grc' dir='ltr'><em>πεντήκοντα</em></span> <span class='ocrx_word' id='word_1_228' title='bbox 1150 3519 1252 3590; x_wconf 78' lang='grc' dir='ltr'><em>πλοί-</em></span> 
     </span>
     <span class='ocr_line' id='line_1_31' title="bbox 161 3620 1254 3722; baseline 0.003 -29"><span class='ocrx_word' id='word_1_229' title='bbox 161 3648 232 3705; x_wconf 89' lang='grc' dir='ltr'>οις·</span> <span class='ocrx_word' id='word_1_230' title='bbox 261 3620 344 3695; x_wconf 73' lang='grc' dir='ltr'>ὥστ’</span> <span class='ocrx_word' id='word_1_231' title='bbox 376 3626 468 3709; x_wconf 85' lang='grc' dir='ltr'><strong><em>εἰκὸς</em></strong></span> <span class='ocrx_word' id='word_1_232' title='bbox 496 3625 559 3698; x_wconf 79' lang='lat' dir='ltr'>adv</span> <span class='ocrx_word' id='word_1_233' title='bbox 588 3625 814 3722; x_wconf 75' lang='grc' dir='ltr'><em>ναύσταθμον</em></span> <span class='ocrx_word' id='word_1_234' title='bbox 841 3635 914 3698; x_wconf 74' lang='grc' dir='ltr'>ταῖν</span> <span class='ocrx_word' id='word_1_235' title='bbox 937 3627 1119 3719; x_wconf 70' lang='grc' dir='ltr'><em>Ἑλλήνων</em></span> <span class='ocrx_word' id='word_1_236' title='bbox 1140 3628 1178 3696; x_wconf 76' lang='grc' dir='ltr'>ἐν</span> <span class='ocrx_word' id='word_1_237' title='bbox 1200 3633 1254 3716; x_wconf 79' lang='grc' dir='ltr'>τῷ</span> 
     </span>
     <span class='ocr_line' id='line_1_32' title="bbox 158 3730 1131 3827; baseline 0.008 -25"><span class='ocrx_word' id='word_1_238' title='bbox 158 3733 300 3827; x_wconf 79' lang='grc' dir='ltr'><em>μεγάλῳ</em></span> <span class='ocrx_word' id='word_1_239' title='bbox 322 3732 478 3825; x_wconf 81' lang='grc' dir='ltr'>ὑπάρξαι</span> <span class='ocrx_word' id='word_1_240' title='bbox 497 3730 618 3826; x_wconf 78' lang='grc' dir='ltr'>λιμένι.</span> <span class='ocrx_word' id='word_1_241' title='bbox 1081 3779 1086 3790; x_wconf 90' lang='grc'><em>·</em></span> <span class='ocrx_word' id='word_1_242' title='bbox 1127 3759 1131 3764; x_wconf 89' lang='grc'><em>“</em></span> 
     </span>
    </p>

    <p class='ocr_par' dir='ltr' id='par_1_11' title="bbox 156 3839 1348 4358">
     <span class='ocr_line' id='line_1_33' title="bbox 241 3839 1252 3934; baseline 0.001 -27"><span class='ocrx_word' id='word_1_243' title='bbox 241 3865 284 3908; x_wconf 87' lang='grc' dir='ltr'>ιι.</span> <span class='ocrx_word' id='word_1_244' title='bbox 305 3843 348 3908; x_wconf 76' lang='grc'>89</span> <span class='ocrx_word' id='word_1_245' title='bbox 368 3867 415 3928; x_wconf 86' lang='lat' dir='ltr'>sq.</span> <span class='ocrx_word' id='word_1_246' title='bbox 436 3842 470 3912; x_wconf 87' lang='grc' dir='ltr'>κ’</span> <span class='ocrx_word' id='word_1_247' title='bbox 488 3840 737 3934; x_wconf 77' lang='grc' dir='ltr'>Ἀρτέμιδος</span> <span class='ocrx_word' id='word_1_248' title='bbox 757 3839 873 3932; x_wconf 77' lang='grc' dir='ltr'><strong><em>ἱερὸν</em></strong></span> <span class='ocrx_word' id='word_1_249' title='bbox 895 3839 1035 3930; x_wconf 79' lang='grc' dir='ltr'>ἅγιον,</span> <span class='ocrx_word' id='word_1_250' title='bbox 1059 3845 1144 3928; x_wconf 84' lang='lat' dir='ltr'>quod</span> <span class='ocrx_word' id='word_1_251' title='bbox 1159 3845 1252 3929; x_wconf 53' lang='lat' dir='ltr'>*apud</span> 
     </span>
     <span class='ocr_line' id='line_1_34' title="bbox 158 3943 1251 4035; baseline 0.002 -21"><span class='ocrx_word' id='word_1_252' title='bbox 158 3952 295 4017; x_wconf 77' lang='lat' dir='ltr'>Gaiilum</span> <span class='ocrx_word' id='word_1_253' title='bbox 321 3954 418 4017; x_wconf 81' lang='lat' dir='ltr'>iatine</span> <span class='ocrx_word' id='word_1_254' title='bbox 440 3943 567 4020; x_wconf 53' lang='lat' dir='ltr'>&#39;sursum</span> <span class='ocrx_word' id='word_1_255' title='bbox 598 3963 647 4020; x_wconf 84' lang='lat' dir='ltr'>ost</span> <span class='ocrx_word' id='word_1_256' title='bbox 674 3964 707 4020; x_wconf 85' lang='lat' dir='ltr'>at</span> <span class='ocrx_word' id='word_1_257' title='bbox 732 3955 865 4021; x_wconf 79' lang='lat' dir='ltr'>Vanan&#39;a</span> <span class='ocrx_word' id='word_1_258' title='bbox 892 3975 1016 4020; x_wconf 74' lang='lat' dir='ltr'>suoram</span> <span class='ocrx_word' id='word_1_259' title='bbox 1036 3957 1172 4035; x_wconf 75' lang='lat' dir='ltr'>sumas,</span> <span class='ocrx_word' id='word_1_260' title='bbox 1205 3956 1251 4016; x_wconf 87' lang='lat' dir='ltr'>ita</span> 
     </span>
     <span class='ocr_line' id='line_1_35' title="bbox 156 4054 1249 4146; baseline 0.002 -24"><span class='ocrx_word' id='word_1_261' title='bbox 156 4062 395 4144; x_wconf 73' lang='lat' dir='ltr'>intelligendum</span> <span class='ocrx_word' id='word_1_262' title='bbox 423 4070 487 4140; x_wconf 87' lang='lat' dir='ltr'>cst,</span> <span class='ocrx_word' id='word_1_263' title='bbox 514 4070 551 4126; x_wconf 92' lang='lat' dir='ltr'>ut</span> <span class='ocrx_word' id='word_1_264' title='bbox 574 4060 668 4141; x_wconf 77' lang='lat' dir='ltr'>inodo</span> <span class='ocrx_word' id='word_1_265' title='bbox 695 4083 756 4146; x_wconf 91' lang='lat' dir='ltr'>pro</span> <span class='ocrx_word' id='word_1_266' title='bbox 786 4066 994 4142; x_wconf 67' lang='lat' dir='ltr'>mosacum,</span> <span class='ocrx_word' id='word_1_267' title='bbox 1023 4054 1123 4144; x_wconf 74' lang='grc' dir='ltr'>ἅγιοι</span> <span class='ocrx_word' id='word_1_268' title='bbox 1145 4066 1249 4124; x_wconf 75' lang='lat' dir='ltr'>autem</span> 
     </span>
     <span class='ocr_line' id='line_1_36' title="bbox 157 4153 1249 4260; baseline 0.002 -34"><span class='ocrx_word' id='word_1_269' title='bbox 157 4183 218 4244; x_wconf 88' lang='lat' dir='ltr'>pro</span> <span class='ocrx_word' id='word_1_270' title='bbox 240 4167 397 4250; x_wconf 81' lang='lat' dir='ltr'>adjectivo</span> <span class='ocrx_word' id='word_1_271' title='bbox 426 4171 597 4251; x_wconf 78' lang='lat' dir='ltr'>genitivum</span> <span class='ocrx_word' id='word_1_272' title='bbox 616 4173 757 4260; x_wconf 74' lang='lat' dir='ltr'>&#39;numinis</span> <span class='ocrx_word' id='word_1_273' title='bbox 784 4173 836 4235; x_wconf 80' lang='lat' dir='ltr'>cui</span> <span class='ocrx_word' id='word_1_274' title='bbox 857 4170 976 4252; x_wconf 79' lang='lat' dir='ltr'>aliquid</span> <span class='ocrx_word' id='word_1_275' title='bbox 998 4153 1179 4232; x_wconf 85' lang='lat' dir='ltr'>dedicatum</span> <span class='ocrx_word' id='word_1_276' title='bbox 1200 4172 1249 4229; x_wconf 84' lang='lat' dir='ltr'>cat</span> 
     </span>
     <span class='ocr_line' id='line_1_37' title="bbox 157 4263 1348 4358; baseline 0.006 -28"><span class='ocrx_word' id='word_1_277' title='bbox 157 4289 264 4334; x_wconf 85' lang='lat' dir='ltr'>acuum</span> <span class='ocrx_word' id='word_1_278' title='bbox 278 4273 414 4338; x_wconf 79' lang='lat' dir='ltr'>habcotc</span> <span class='ocrx_word' id='word_1_279' title='bbox 434 4277 619 4357; x_wconf 85' lang='lat' dir='ltr'>accipiatur.</span> <span class='ocrx_word' id='word_1_280' title='bbox 660 4279 778 4342; x_wconf 80' lang='lat' dir='ltr'>ltiaooc</span> <span class='ocrx_word' id='word_1_281' title='bbox 793 4297 868 4342; x_wconf 82' lang='lat' dir='ltr'>vcro</span> <span class='ocrx_word' id='word_1_282' title='bbox 889 4277 951 4341; x_wconf 81' lang='lat' dir='ltr'>hoc</span> <span class='ocrx_word' id='word_1_283' title='bbox 968 4275 1126 4358; x_wconf 85' lang='lat' dir='ltr'>tempium,</span> <span class='ocrx_word' id='word_1_284' title='bbox 1149 4291 1245 4354; x_wconf 79' lang='lat' dir='ltr'>quaa·</span> <span class='ocrx_word' id='word_1_285' title='bbox 1342 4263 1348 4284; x_wconf 79' lang='lat'><strong><em>‘</em></strong></span> 
     </span>
    </p>
   </div>
   <div class='ocr_carea' id='block_1_5' title="bbox 0 0 1368 4720">
    <p class='ocr_par' dir='ltr' id='par_1_12' title="bbox 0 0 1368 4720">
     <span class='ocr_line' id='line_1_38' title="bbox 0 0 1368 4720; baseline 0 5"><span class='ocrx_word' id='word_1_286' title='bbox 0 0 1368 4720; x_wconf 95' lang='lat' dir='ltr'> </span> 
     </span>
    </p>
   </div>
  </div>
 </body>
</html>
