2720 4724
377 239 842 372 Ι----ιιι--Ι

90 495 245 585 σθητος
271 427 410 581 λιμός,
439 479 570 615 λη’θην
591 487 833 610 εμποιούσα
852 487 924 578 τῆς
943 487 1029 556 των
1051 493 1185 585 σίτων

63 598 365 732 πρασφορρῖς·
403 587 560 686 ἐφόδια
591 588 685 662 δὲ’
668 609 843 678 εχουσιν
871 594 1059 690 οὐδεμία
1089 621 1183 668 τοι·

88 704 201 798 αὐτη
230 700 339 796 πρός
366 699 535 798 η’δονη’ν.
570 695 670 772 nal*
653 725 755 791 ετερα
776 695 858 770 δὲ
838 727 860 793 η
881 697 984 783 πόλις
1004 699 1131 796 ἠδὲα”
1112 723 1184 796 εχει

86 825 148 889 καὶ
177 814 308 886 πολλά.
345 820 419 908 καί
449 810 536 903 γὰρ
560 815 607 881 αἱ
633 808 848 901 σύνεγγυς·
875 812 1008 907 αὐτῆς
1037 811 1185 898 πόλεις

86 919 332 1014 προάστεια
362 920 445 992 τεόν
475 923 707 1014 Ἀθηναίων
736 923 851 990 εἰσίν.
884 922 1047 1008 ἀγαθοί
1076 918 1122 990 δὲ
1142 925 1187 991 οἱ

86 1037 400 1114 κατοικούντες
420 1025 546 1125 αὐτὴν
568 1019 700 1099 παντί
719 1035 883 1121 τεχνίτη
903 1035 1185 1124 περιποιῆσαι
1218 1061 1220 1066 ·

1 1165 2 1172 “
87 1139 237 1226 δόξαν
256 1139 449 1272 μεγάλην
477 1142 548 1209 ἐπὶ
578 1149 673 1219 τοῖς
694 1132 1099 1232 ἐντυγχανομὲνοις
1119 1140 1185 1210 ἐκ·

86 1250 303 1332 βαλόντες
323 1246 398 1330 τοὶς
418 1251 639 1343 εὐημερίας
658 1240 922 1334 θαυμαστόν
949 1246 1199 1318 πλινθίνων
1289 1335 1298 1342 ⁴

90 1354 218 1442 ζαύων
240 1355 460 1447 α’νθριόπῳ
480 1351 771 1426 διδασκόλιον.
801 1379 874 1424 των
895 1348 972 1422 δε
954 1353 1188 1426 ενοικούντων

91 1471 130 1536 οἱ
147 1489 210 1560 μεν
231 1465 352 1536 αὐταῖν
370 1468 541 1549 Αττικοί,
572 1489 606 1534 οι
600 1459 666 1532 ’δε
685 1463 872 1557 Ἀθηναῖοι.
905 1467 942 1532 οἱ
958 1489 1021 1558 μεν
1040 1463 1189 1534 Ἀττικοὶ

91 1583 270 1666 περίεργοι
290 1586 368 1655 ταῖς
387 1575 536 1656 λαλιαῖς,
550 1567 726 1654 ὐπουλοι,
748 1569 1047 1662 συκοφαντιύδας,
1069 1595 1187 1663 παρα-

92 1690 240 1776 τηρηταῖ
258 1687 329 1751 τιύν
351 1677 496 1764 ξενικιύν
516 1684 622 1762 βίων·
643 1676 730 1772 οὐδὲ
743 1679 923 1773 Ἀθηναῖοι
935 1675 1187 1774 μεγαλόψυχοι,

93 1792 211 1860 ἁπλοῖ
228 1805 303 1872 τοῖς
322 1787 486 1880 τρόποις,
518 1792 634 1883 φιλίας
660 1785 794 1880 γνήσιοι
823 1786 984 1879 φύλακες.
1014 1786 1189 1880 διατρό-

93 1919 222 1986 γουσι
242 1897 287 1967 δέ
306 1921 421 1981 τινες
442 1899 483 1967 ἒν
503 1903 556 1990 τῇ,
577 1889 709 1967 πόλει
728 1893 1018 1986 λογογράφοι,
1054 1905 1188 1969 σείον-

95 2017 164 2087 τες
188 2001 287 2088 τούς
311 2008 733 2098 παρεπιδημοῦντας
759 2011 832 2074 καὶ
861 2003 1075 2094 εὐπόρους
1103 2005 1207 2091 τιύνΙ

97 2109 247 2198 ξόνων·
271 2109 342 2196 οὐς
364 2111 473 2184 όταν
494 2114 515 2182 ὁ
536 2106 814 2206 δῆμοςλόβη,
844 2111 1050 2207 σκληραῖς
1068 2135 1189 2204 περι·

98 2216 254 2320 βοίλλει
286 2225 467 2317 ζημίαις.
502 2224 540 2290 οἱ
565 2219 605 2291 δλ
633 2223 822 2313 εἰλικρινεῖς
846 2224 1028 2354 Ἀθηναῖοι
1057 2228 1192 2316 δριμεῖς

99 2327 173 2402 τῶν
194 2334 327 2420 τεχνιύν
348 2332 523 2421 α’κροαταῖ
543 2323 602 2399 διό
630 2325 694 2410 τός
723 2341 882 2459 συνεγεῖς.
917 2327 966 2401 τό
994 2331 1191 2404 καθόλου
1272 2351 1276 2360 ’
1309 2367 1312 2374 ’

100 2439 131 2508 δ’
165 2433 268 2510 ὅσον
298 2442 343 2508 αἱ
366 2440 537 2508 λοιπαί
548 2433 699 2518 πόλεις
725 2432 832 2529 πρός
863 2461 905 2507 τε
932 2436 1091 2531 η’δονην
1119 2445 1194 2512 καὶ

100 2548 201 2628 βίον
230 2544 470 2638 διόρθωσιν
504 2551 586 2618 τῶν
612 2547 757 2638 ἀγρόίν
785 2543 1103 2639 διαφέρουσιν,
1120 2573 1193 2617 το·

104 2659 261 2724 σούτον
288 2660 372 2725 τεόν
401 2656 564 2726 λοιπιόν
595 2651 814 2726 πόλεων
795 2684 816 2749 η
845 2661 932 2728 ταῖν
959 2655 1194 2750 Ἀθηναίων
1269 2711 1272 2720 .

2 2769 3 2774 ’
103 2758 412 2852 παραλλάττει.
434 2756 671 2852 φυλακτεον
692 2765 731 2832 δ
754 2788 810 2844 ως
831 2761 892 2834 ἔνι
911 2759 1099 2856 μάλιστα
1120 2757 1195 2845 τόις

104 2880 298 2964 εταίρας,
322 2897 378 2962 μη
365 2867 509 2964 λυίθη
529 2897 591 2954 τις
612 2869 752 2965 ἡδέως
772 2867 1059 2968 ἀπολόμενος.
1081 2875 1102 2943 ὁ
1125 2873 1194 2942 στί-

104 3003 168 3068 γσς
186 2983 390 3050 Λυσί·ππου

203 3087 238 3156 εἰ
253 3115 299 3182 μη
285 3071 555 3180 γ’τεθόασαι
511 3112 576 3169 τας
592 3081 755 3180 Ἀθήνας,
778 3083 994 3176 στὲλεχος’
958 3111 997 3157 ει.

203 3217 235 3263 ει
229 3191 294 3266 ’δὲ
315 3191 498 3277 τεθέασαι,
520 3220 568 3324 μη
588 3221 623 3264 τ
613 3192 795 3290 θηρευσαι
815 3197 864 3276 δ
888 3194 986 3277 ὄνος·

203 3325 235 3370 ει
228 3301 290 3371 δ
314 3303 510 3390 εὐαρεστεῖν
531 3298 751 3391 α’ποτρὲχεες,
777 3297 976 3396 κανθήλιος.

203 3403 291 3502 αὐτη
311 3407 413 3488 πόλις
433 3406 512 3478 ἔσθ’
531 3407 686 3502 Ἑλληνὶς
707 3410 728 3499 ἡ
750 3405 872 3502 ρ’όδοις
893 3403 1014 3503 δισσήν

203 3517 355 3586 εὐωδίαν
375 3515 506 3604 ἔχουσα
527 3523 589 3586 καῖ
608 3516 924 3588 ΑΜΑΛΗΔΙΑΝ.
1133 3585 1141 3599 ,

202 3618 251 3694 τὰ
272 3618 337 3713 γὰρ
358 3622 569 3693 ΑΛΙΕΙΤΑ
586 3619 737 3719 μεγάλην
759 3625 806 3704 εἰς
827 3619 954 3714 σγολῆν
975 3617 1067 3715 ἄγει,

203 3725 334 3819 τὸγὰρ
358 3727 503 3802 αλιακόυ
525 3731 602 3813 ἔτος
621 3755 664 3827 με
683 3735 870 3825 μαίνεσθαι
891 3743 998 3802 ποιεῖ.

207 3837 298 3909 όταν
318 3836 357 3908 δὲ
376 3835 440 3933 τὴν
460 3834 653 3934 λεύκηντις
674 3839 793 3910 αὐτῶν
813 3838 958 3932 πραέως
995 3861 997 3864 ’

181 3961 183 3967 ’
207 3941 356 4018 ὐλιακόν
376 3943 462 4018 εἶναι
484 3945 661 4038 στέφανον
682 3943 776 4040 εἴπη,
796 3956 964 4043 πνίγομαι

211 4047 325 4136 οὐτως
345 4055 399 4122 ἐπ’
422 4055 559 4140 αὐτοῖς,
581 4052 671 4128 ω’στι
690 4053 827 4148 μᾶλλον
848 4051 893 4124 ἄν
913 4049 1031 4124 θέλειν

209 4162 480 4254 ἀποκαρτερεῖν,
500 4160 524 4258 ἢ
543 4163 643 4234 ταῦτ’
665 4158 807 4232 εἰκούων
827 4172 1014 4253 καρτερεῖν.

210 4276 356 4344 τοιούτο
378 4276 452 4347 τόν
473 4266 584 4358 ξύνων
604 4295 638 4345 τι
657 4271 816 4344 καλεῖται
836 4267 970 4350 σιίότος.
