2728 4720
502 305 597 323 ...W
649 273 743 348 50,
775 305 869 320 m.

143 463 229 526 ditur
249 465 292 528 ei
306 464 463 534 Plutarcle
485 465 526 528 dc
548 465 611 528 del.
632 485 717 528 orac.
738 483 772 545 p
784 462 855 526 031
876 481 905 524 ο
918 461 969 526 cd
982 460 1087 526 llelsl.
1108 461 1231 536 tVlll,

141 587 175 650 p
194 571 265 633 m.
295 568 328 634 ei
341 566 434 655 μήτε
456 586 496 633 ον
484 560 662 652 lipom
645 587 783 691 ντορορ,
812 589 841 630 ον
828 551 1051 655 Λαμπρία
1081 559 1229 650 καὶγὰρ

142 669 291 757 ἔναγχος
320 659 401 762 ἧκέν
429 694 479 751 τις
499 669 602 761 ponor)
624 665 714 758 πρὸς
734 670 828 759 ἡμᾶς
849 668 898 747 ὠς
927 673 992 736 σοῦ
1012 663 1128 736 πολλοὶ
1149 671 1233 756 περὶ

142 776 277 847 τούτων
305 777 342 848 ἐν
370 781 533 866 Λοβαὸίρι
562 775 673 860 ξένοις
699 776 959 865 διαλεχθέντος,
991 801 1042 844 ιον
1070 771 1227 846 oncis·
1207 801 1230 842 ο

142 884 368 979 διηγούμενος
388 887 543 974 ἀκριβῶς
562 883 834 979 διεμνημόνευσε.

222 1015 267 1060 rs.
287 997 339 1060 00.
374 999 495 1062 Ocnlcn
518 1001 602 1082 Jarn.
612 1001 644 1060 in
663 999 787 1060 narium
808 997 952 1077 catalogo
979 995 1020 1058 ci
1047 991 1146 1067 llll,
1165 993 1231 1056 bill

141 1113 312 1168 memorata
332 1105 416 1187 apud
430 1105 614 1168 Strabonem
635 1107 791 1168 recensita
811 1113 861 1166 eut
878 1103 1029 1165 Boeotiae
1050 1103 1125 1164 urbs
1145 1104 1234 1166 inter

141 1211 318 1276 Haliartum
353 1220 386 1274 et
414 1213 630 1276 Alalcomenaa
658 1211 761 1274 media
787 1211 847 1287 lx,
877 1231 910 1291 p.
930 1210 1009 1286 410,
1039 1227 1176 1272 necnon·
1192 1210 1232 1272 ab

140 1319 337 1399 Apollodoro
367 1321 536 1382 memoriae
558 1319 687 1402 prodita
713 1327 762 1382 est
782 1318 825 1380 al.
846 1319 920 1380 bibl.
941 1317 984 1395 ll,
1005 1317 1036 1379 4.
1068 1309 1169 1404 ἔγημε
1192 1306 1231 1379 δὲ

142 1429 200 1488 καὶ
230 1417 412 1512 Ἀλκμήνην
442 1417 528 1508 μετὰ
557 1417 619 1488 ιὸν
650 1417 913 1509 Ἀμφιτρύωνος
945 1417 1106 1488 θάνατον
1143 1414 1234 1497 Διὸς

144 1540 231 1607 παῖς
247 1524 501 1621 Ῥαδάμανθυς,
523 1523 732 1615 oonprendi
753 1531 789 1594 ἑν
808 1527 966 1613 Ὠκρλοίᾳ
980 1532 1040 1616 τῆς
1053 1527 1234 1606 Βοιωτίας

143 1629 338 1724 πεφευγώς.
369 1643 481 1723 Stepb.
511 1643 585 1724 liJa.
614 1661 639 1704 s.
668 1660 696 1701 v.
726 1636 884 1704 ἐκαλεῖτο
910 1630 950 1704 δὲ
968 1627 1156 1722 Ὠιιοίλεια,ι
1183 1637 1233 1717 ὠς

140 1739 409 1832 Ἀπολλόδωρος
438 1741 502 1838 (ud
527 1749 630 1812 locam
659 1747 752 1810 modo
775 1749 967 1830 exscriptum
992 1768 1054 1812 non
1075 1747 1233 1820 referam
1264 1737 1267 1746 ’

141 1862 283 1920 cetarum
304 1857 418 1920 dublua
438 1866 515 1932 curn,
537 1865 641 1918 atrum
662 1875 733 1918 cnm
748 1857 871 1937 lleJnio
892 1865 915 1920 t.
936 1859 960 1933 l,
981 1856 1089 1938 pem
1108 1856 1151 1919 ad
1173 1873 1234 1919 πο·

141 1961 264 2044 ριόδον
292 1970 353 2050 γῆς
381 1984 420 2026 an
441 1963 482 2026 ad
503 1961 690 2044 Apollodori
710 1965 966 2026 commentarium
987 1963 1119 2026 Navium
1148 1971 1235 2026 cata·

140 2071 207 2152 logl
228 2073 420 2152 pertinuisse
440 2066 642 2155 conjiciam).
681 2070 770 2132 lllam
791 2076 895 2132 antem
916 2053 1045 2148 urbem,
1066 2072 1150 2134 sicut
1170 2072 1235 2134 (iu-

66 2249 69 2256 ,
141 2196 201 2259 pas
220 2197 368 2259 qnoque,
394 2180 501 2242 Nisam
522 2185 556 2240 et
576 2178 785 2254 Medeonem,
813 2177 965 2242 subuloais
990 2181 1105 2242 iterum
1134 2180 1236 2260 magis

145 2303 238 2366 qnam
266 2283 427 2350 historicis
455 2287 653 2367 temporibus
680 2285 918 2348 adscribendam
941 2305 1011 2348 ease
1031 2287 1236 2350 llnttmannua

143 2393 303 2458 adnotavit
329 2395 601 2475 compluriumque
629 2395 819 2475 oppidorum
843 2397 1014 2475 posteriori
1034 2401 1138 2456 aetate
1158 2397 1237 2458 satis

144 2499 333 2578 celebrium,
360 2503 443 2565 sicut
471 2502 698 2578 Leuctrornm,
736 2505 925 2564 mentionem
953 2503 1046 2581 plane
1073 2521 1135 2563 non
1162 2503 1237 2564 lieri

144 2609 372 2670 animadvertit.
424 2607 561 2672 Medeon
581 2608 730 2688 denique,
750 2611 782 2671 in
797 2611 925 2672 Navium
939 2610 1089 2688 catalogo
1111 2627 1237 2672 necnon

73 2793 89 2806 ι
144 2731 164 2776 u
183 2712 286 2776 Plinio
315 2723 349 2776 et
368 2714 529 2794 Stepbano
549 2715 720 2794 Byzantion
739 2715 998 2791 ¹commemorato,
1024 2717 1114 2798 cujus
1135 2718 1237 2776 nomi·

144 2821 299 2897 nisurbs,
321 2821 565 2902 exconjectura
587 2821 713 2901 quidem
735 2822 900 2902 probabili,
924 2824 1017 2884 etiam
1037 2824 1069 2884 in
1090 2821 1236 2884 l’bocide

144 2907 243 2990 irrisae
263 2927 397 3007 ridetur,
420 2928 462 2988 ci.
484 2927 588 2990 Strab.
610 2929 674 3004 lX,
704 2949 737 3010 p.
757 2929 837 3007 428,
857 2949 876 2992 a
896 2930 1017 2994 Murrio
1039 2949 1100 2994 non
1122 2931 1236 2992 immu-

144 3035 239 3102 tunda
264 3033 326 3096 init
354 3034 387 3096 in
416 3025 590 3108 Μίδεια,
622 3053 684 3114 qno
712 3028 837 3098 abmine
863 3037 1029 3099 Pausanias
1055 3033 1234 3098 Lebadeana

145 3139 313 3222 aliqnando
345 3139 520 3221 praeditam
546 3141 645 3204 inisse
671 3143 782 3205 retulit
810 3141 843 3205 e‘t
872 3162 963 3224 quem
989 3144 1100 3206 urbem
1121 3143 1236 3206 Strabo

144 3247 215 3310 lacn
237 3248 416 3326 absorptam
436 3246 535 3309 inisse
555 3247 708 3344 prodidit.
1049 3249 1055 3260 '

228 3373 272 3416 ra.
303 3341 373 3418 100.
406 3355 470 3418 Ριο
498 3357 624 3439 vulgata
651 3358 746 3442 bnjna
772 3359 834 3422 loci
863 3359 1000 3422 lectione
1031 3351 1236 3436 Θέσπεια,

147 3479 228 3539 quse
255 3472 324 3524 cnm
354 3457 535 3527 obducunt
562 3464 697 3545 quidem
715 3469 945 3532 accuratiorem
960 3467 1117 3548 jungendi
1137 3469 1236 3530 ratio-

145 3587 217 3630 nem
239 3567 392 3649 admittit,
421 3579 522 3634 metro
545 3578 647 3635 antem
670 3575 790 3652 allicit,
818 3575 912 3657 hujus
931 3574 1119 3636 restituendi
1142 3593 1236 3636 cansa

87 3744 104 3767 ἱ,
147 3673 362 3756 casaubonus,
398 3679 540 3742 blan-nius
567 3688 601 3742 et
628 3683 749 3747 Gallina
784 3679 967 3746 Θοοοτιοιιί
995 3680 1234 3744 rescribendum

147 3791 339 3848 censuerunt
358 3805 463 3866 neque
484 3789 577 3852 aliter
597 3790 799 3854 Bntlmannnu
820 3790 931 3854 edidit.

229 3911 273 3954 vs.
294 3893 363 3955 101.
385 3890 405 3982 ἡ
427 3887 837 3982 προσαγορευομένη
859 3891 1082 3961 Πλαταιαί.
1114 3895 1149 3960 Si
1164 3901 1236 3978 qnia
1344 3883 1349 3890 ’

145 3995 208 4062 boc
228 3999 299 4064 loco
320 4001 352 4062 in
373 4001 487 4080 plurali
508 4021 638 4066 numero
659 4003 699 4064 ad
721 4000 742 4090 ἡ
761 3995 1115 4089 προσαγορευομένῃ,
1137 4023 1234 4084 quan·

149 4104 301 4180 quomod
323 4106 383 4173 boo
404 4097 505 4180 πόλις
526 4116 630 4170 mente
650 4109 945 4191 subintelligendum
967 4129 1036 4174 erae
1057 4116 1156 4192 petet,
1178 4130 1234 4192 ap·

150 4211 254 4284 posito
276 4209 503 4294 offenderetur,
523 4233 583 4277 non
607 4216 748 4282 dillicilin
768 4217 854 4282 foret
876 4219 1034 4304 correctio
1057 4208 1255 4296 aldran,
