<?xml version="1.0" encoding="UTF-8"?>
<!DOCTYPE html PUBLIC "-//W3C//DTD XHTML 1.0 Transitional//EN"
    "http://www.w3.org/TR/xhtml1/DTD/xhtml1-transitional.dtd">
<html xmlns="http://www.w3.org/1999/xhtml" xml:lang="en" lang="en">
 <head>
  <title>
</title>
<meta http-equiv="Content-Type" content="text/html;charset=utf-8" />
  <meta name='ocr-system' content='tesseract 3.04.00' />
  <meta name='ocr-capabilities' content='ocr_page ocr_carea ocr_par ocr_line ocrx_word'/>
</head>
<body>
  <div class='ocr_page' id='page_1' title='image "./dicaearchimesse00fuhrgoog_0066.png"; bbox 0 0 2728 4726; ppageno 0'>
   <div class='ocr_carea' id='block_1_1' title="bbox 463 337 856 414">
    <p class='ocr_par' dir='ltr' id='par_1_1' title="bbox 463 337 856 414">
     <span class='ocr_line' id='line_1_1' title="bbox 463 337 856 414; baseline 0.013 -6"><span class='ocrx_word' id='word_1_1' title='bbox 463 373 564 414; x_wconf 82' lang='grc'><strong>--,</strong></span> <span class='ocrx_word' id='word_1_2' title='bbox 610 337 655 410; x_wconf 84' lang='lat'><strong>51</strong></span> <span class='ocrx_word' id='word_1_3' title='bbox 710 369 856 413; x_wconf 76' lang='lat'><strong>·--.</strong></span> 
     </span>
    </p>
   </div>
   <div class='ocr_carea' id='block_1_2' title="bbox 12 487 1179 617">
    <p class='ocr_par' dir='ltr' id='par_1_2' title="bbox 12 487 1179 617">
     <span class='ocr_line' id='line_1_2' title="bbox 12 487 1179 617; baseline 0.005 -27"><span class='ocrx_word' id='word_1_4' title='bbox 12 495 13 544; x_wconf 81' lang='lat'>3</span> <span class='ocrx_word' id='word_1_5' title='bbox 48 519 50 526; x_wconf 46' lang='lat'>‘</span> <span class='ocrx_word' id='word_1_6' title='bbox 91 527 273 606; x_wconf 82' lang='lat' dir='ltr'><strong>relationes,</strong></span> <span class='ocrx_word' id='word_1_7' title='bbox 295 527 336 590; x_wconf 88' lang='lat' dir='ltr'><strong>de</strong></span> <span class='ocrx_word' id='word_1_8' title='bbox 356 530 480 592; x_wconf 89' lang='lat' dir='ltr'><strong>nomine</strong></span> <span class='ocrx_word' id='word_1_9' title='bbox 500 527 743 615; x_wconf 63' lang='lat' dir='ltr'><strong>everteramus)</strong></span> <span class='ocrx_word' id='word_1_10' title='bbox 764 535 874 612; x_wconf 78' lang='lat' dir='ltr'><strong>agunt,</strong></span> <span class='ocrx_word' id='word_1_11' title='bbox 902 531 942 594; x_wconf 90' lang='lat' dir='ltr'><strong>de</strong></span> <span class='ocrx_word' id='word_1_12' title='bbox 963 487 1064 594; x_wconf 71' lang='lat' dir='ltr'><strong>cisonb</strong></span> <span class='ocrx_word' id='word_1_13' title='bbox 1084 533 1179 617; x_wconf 77' lang='lat' dir='ltr'><strong>cyoli-</strong></span> 
     </span>
    </p>
   </div>
   <div class='ocr_carea' id='block_1_3' title="bbox 91 627 1307 723">
    <p class='ocr_par' dir='ltr' id='par_1_3' title="bbox 91 627 1307 723">
     <span class='ocr_line' id='line_1_3' title="bbox 91 627 1307 723; baseline 0.002 -24"><span class='ocrx_word' id='word_1_14' title='bbox 91 639 130 699; x_wconf 79' lang='lat' dir='ltr'><strong>cis</strong></span> <span class='ocrx_word' id='word_1_15' title='bbox 148 634 188 699; x_wconf 90' lang='lat' dir='ltr'><strong>ab</strong></span> <span class='ocrx_word' id='word_1_16' title='bbox 212 635 334 698; x_wconf 78' lang='lat' dir='ltr'><strong>Arione</strong></span> <span class='ocrx_word' id='word_1_17' title='bbox 360 635 529 715; x_wconf 88' lang='lat' dir='ltr'><strong>institutis,</strong></span> <span class='ocrx_word' id='word_1_18' title='bbox 554 632 617 723; x_wconf 70' lang='lat'><strong>¹⁰²)</strong></span> <span class='ocrx_word' id='word_1_19' title='bbox 646 636 687 698; x_wconf 89' lang='lat' dir='ltr'><strong>de</strong></span> <span class='ocrx_word' id='word_1_20' title='bbox 714 655 803 699; x_wconf 91' lang='lat' dir='ltr'><strong>more</strong></span> <span class='ocrx_word' id='word_1_21' title='bbox 830 639 862 700; x_wconf 89' lang='lat' dir='ltr'><strong>in</strong></span> <span class='ocrx_word' id='word_1_22' title='bbox 883 627 1194 704; x_wconf 80' lang='lat' dir='ltr'><strong>Panathenoecrum·</strong></span> <span class='ocrx_word' id='word_1_23' title='bbox 1305 695 1307 702; x_wconf 93' lang='lat'><em>.</em></span> 
     </span>
    </p>
   </div>
   <div class='ocr_carea' id='block_1_4' title="bbox 53 743 1272 1582">
    <p class='ocr_par' dir='ltr' id='par_1_4' title="bbox 53 743 1272 1582">
     <span class='ocr_line' id='line_1_4' title="bbox 91 743 1181 830; baseline 0.004 -24"><span class='ocrx_word' id='word_1_24' title='bbox 91 743 174 806; x_wconf 82' lang='lat' dir='ltr'><strong>festis</strong></span> <span class='ocrx_word' id='word_1_25' title='bbox 196 745 274 806; x_wconf 90' lang='lat' dir='ltr'><strong>olim</strong></span> <span class='ocrx_word' id='word_1_26' title='bbox 295 744 473 821; x_wconf 89' lang='lat' dir='ltr'><strong>obtinente,</strong></span> <span class='ocrx_word' id='word_1_27' title='bbox 496 763 558 824; x_wconf 86' lang='lat' dir='ltr'><strong>qua</strong></span> <span class='ocrx_word' id='word_1_28' title='bbox 580 743 674 806; x_wconf 90' lang='lat' dir='ltr'><strong>etiam</strong></span> <span class='ocrx_word' id='word_1_29' title='bbox 694 743 829 806; x_wconf 80' lang='lat' dir='ltr'><strong>feminae</strong></span> <span class='ocrx_word' id='word_1_30' title='bbox 851 751 953 806; x_wconf 89' lang='lat' dir='ltr'><strong>aetate</strong></span> <span class='ocrx_word' id='word_1_31' title='bbox 974 749 1108 830; x_wconf 86' lang='lat' dir='ltr'><strong>majores</strong></span> <span class='ocrx_word' id='word_1_32' title='bbox 1128 769 1181 810; x_wconf 91' lang='lat' dir='ltr'><strong>ra·</strong></span> 
     </span>
     <span class='ocr_line' id='line_1_5' title="bbox 93 845 1181 938; baseline 0.006 -25"><span class='ocrx_word' id='word_1_33' title='bbox 93 872 154 914; x_wconf 90' lang='lat' dir='ltr'><strong>mos</strong></span> <span class='ocrx_word' id='word_1_34' title='bbox 172 853 370 933; x_wconf 75' lang='lat' dir='ltr'>gestaverint</span> <span class='ocrx_word' id='word_1_35' title='bbox 385 845 448 938; x_wconf 85' lang='lat'>¹⁰³)</span> <span class='ocrx_word' id='word_1_36' title='bbox 472 858 504 912; x_wconf 89' lang='lat' dir='ltr'><strong>et</strong></span> <span class='ocrx_word' id='word_1_37' title='bbox 525 851 566 912; x_wconf 91' lang='lat' dir='ltr'><strong>de</strong></span> <span class='ocrx_word' id='word_1_38' title='bbox 580 851 770 934; x_wconf 84' lang='lat' dir='ltr'><strong>rhapsodite</strong></span> <span class='ocrx_word' id='word_1_39' title='bbox 791 855 961 914; x_wconf 90' lang='lat' dir='ltr'><strong>carminum</strong></span> <span class='ocrx_word' id='word_1_40' title='bbox 974 855 1181 934; x_wconf 81' lang='lat' dir='ltr'><strong>piacularium</strong></span> 
     </span>
     <span class='ocr_line' id='line_1_6' title="bbox 93 938 1272 1056; baseline 0.005 -34"><span class='ocrx_word' id='word_1_41' title='bbox 93 961 277 1022; x_wconf 69' lang='lat' dir='ltr'><strong>recitatione</strong></span> <span class='ocrx_word' id='word_1_42' title='bbox 298 961 464 1041; x_wconf 76' lang='lat' dir='ltr'><strong>Olympiae</strong></span> <span class='ocrx_word' id='word_1_43' title='bbox 484 961 600 1023; x_wconf 86' lang='lat' dir='ltr'><strong>hahita.</strong></span> <span class='ocrx_word' id='word_1_44' title='bbox 620 956 685 1045; x_wconf 82' lang='lat'><strong>¹⁰⁴)</strong></span> <span class='ocrx_word' id='word_1_45' title='bbox 728 963 816 1040; x_wconf 80' lang='lat' dir='ltr'><strong>Quae</strong></span> <span class='ocrx_word' id='word_1_46' title='bbox 838 963 974 1042; x_wconf 88' lang='lat' dir='ltr'><strong>denique</strong></span> <span class='ocrx_word' id='word_1_47' title='bbox 995 965 1076 1034; x_wconf 87' lang='lat' dir='ltr'><strong>ratio</strong></span> <span class='ocrx_word' id='word_1_48' title='bbox 1097 967 1182 1028; x_wconf 89' lang='lat' dir='ltr'><strong>iuter</strong></span> <span class='ocrx_word' id='word_1_49' title='bbox 1204 938 1221 1056; x_wconf 25' lang='lat' dir='ltr'><strong>&#39;x</strong></span> <span class='ocrx_word' id='word_1_50' title='bbox 1245 995 1272 1050; x_wconf 16' lang='grc' dir='ltr'><strong>ι’</strong></span> 
     </span>
     <span class='ocr_line' id='line_1_7' title="bbox 53 1059 1183 1154; baseline 0.004 -26"><span class='ocrx_word' id='word_1_51' title='bbox 53 1099 56 1108; x_wconf 85' lang='grc'><em>·</em></span> <span class='ocrx_word' id='word_1_52' title='bbox 91 1067 169 1128; x_wconf 90' lang='lat' dir='ltr'><strong>huuc</strong></span> <span class='ocrx_word' id='word_1_53' title='bbox 194 1067 279 1148; x_wconf 79' lang='grc' dir='ltr'><strong>περὶ</strong></span> <span class='ocrx_word' id='word_1_54' title='bbox 308 1061 459 1148; x_wconf 60' lang='lat' dir='ltr'><strong>‹inuitur›</strong></span> <span class='ocrx_word' id='word_1_55' title='bbox 490 1068 604 1130; x_wconf 90' lang='lat' dir='ltr'><strong>librum</strong></span> <span class='ocrx_word' id='word_1_56' title='bbox 636 1075 669 1130; x_wconf 89' lang='lat' dir='ltr'><strong>et</strong></span> <span class='ocrx_word' id='word_1_57' title='bbox 689 1064 778 1132; x_wconf 82' lang='grc' dir='ltr'><em>Βίου</em></span> <span class='ocrx_word' id='word_1_58' title='bbox 809 1069 869 1154; x_wconf 72' lang='grc' dir='ltr'><strong>τῆς</strong></span> <span class='ocrx_word' id='word_1_59' title='bbox 895 1059 1062 1144; x_wconf 75' lang='grc' dir='ltr'><em>Ἑλλάδος</em></span> <span class='ocrx_word' id='word_1_60' title='bbox 1083 1073 1183 1132; x_wconf 88' lang='lat' dir='ltr'><strong>iuter·</strong></span> 
     </span>
     <span class='ocr_line' id='line_1_8' title="bbox 81 1176 1184 1258; baseline 0.002 -22"><span class='ocrx_word' id='word_1_61' title='bbox 81 1177 224 1237; x_wconf 86' lang='lat' dir='ltr'><strong>-eesserit</strong></span> <span class='ocrx_word' id='word_1_62' title='bbox 245 1181 279 1237; x_wconf 91' lang='lat' dir='ltr'><strong>et</strong></span> <span class='ocrx_word' id='word_1_63' title='bbox 299 1193 372 1236; x_wconf 91' lang='lat' dir='ltr'><strong>num</strong></span> <span class='ocrx_word' id='word_1_64' title='bbox 394 1176 520 1236; x_wconf 88' lang='lat' dir='ltr'><strong>omuino</strong></span> <span class='ocrx_word' id='word_1_65' title='bbox 542 1177 645 1256; x_wconf 90' lang='lat' dir='ltr'><strong>aliqua</strong></span> <span class='ocrx_word' id='word_1_66' title='bbox 664 1178 746 1238; x_wconf 91' lang='lat' dir='ltr'><strong>ratio</strong></span> <span class='ocrx_word' id='word_1_67' title='bbox 775 1178 857 1237; x_wconf 90' lang='lat' dir='ltr'><strong>inter</strong></span> <span class='ocrx_word' id='word_1_68' title='bbox 880 1176 941 1238; x_wconf 92' lang='lat' dir='ltr'><strong>duo</strong></span> <span class='ocrx_word' id='word_1_69' title='bbox 962 1176 1042 1238; x_wconf 87' lang='lat' dir='ltr'><strong>haee</strong></span> <span class='ocrx_word' id='word_1_70' title='bbox 1064 1178 1184 1258; x_wconf 87' lang='lat' dir='ltr'><strong>scripta</strong></span> 
     </span>
     <span class='ocr_line' id='line_1_9' title="bbox 92 1277 1185 1370; baseline 0.002 -26"><span class='ocrx_word' id='word_1_71' title='bbox 92 1279 282 1360; x_wconf 76' lang='lat' dir='ltr'><strong>obtinuerit,</strong></span> <span class='ocrx_word' id='word_1_72' title='bbox 316 1279 493 1364; x_wconf 84' lang='lat' dir='ltr'><strong>dijudicare</strong></span> <span class='ocrx_word' id='word_1_73' title='bbox 522 1301 583 1343; x_wconf 91' lang='lat' dir='ltr'><strong>non</strong></span> <span class='ocrx_word' id='word_1_74' title='bbox 615 1283 729 1358; x_wconf 88' lang='lat' dir='ltr'><strong>ausim;</strong></span> <span class='ocrx_word' id='word_1_75' title='bbox 752 1277 814 1370; x_wconf 83' lang='lat'>¹⁰⁵)</span> <span class='ocrx_word' id='word_1_76' title='bbox 842 1281 972 1362; x_wconf 79' lang='lat' dir='ltr'><strong>Naeuii,</strong></span> <span class='ocrx_word' id='word_1_77' title='bbox 1004 1283 1121 1346; x_wconf 85' lang='lat' dir='ltr'><strong>Osauni</strong></span> <span class='ocrx_word' id='word_1_78' title='bbox 1152 1289 1185 1358; x_wconf 86' lang='lat' dir='ltr'><strong>et</strong></span> 
     </span>
     <span class='ocr_line' id='line_1_10' title="bbox 80 1381 1185 1478; baseline 0.002 -27"><span class='ocrx_word' id='word_1_79' title='bbox 80 1389 272 1478; x_wconf 34' lang='lat' dir='ltr'><strong>‘Buttmanni</strong></span> <span class='ocrx_word' id='word_1_80' title='bbox 294 1391 525 1472; x_wconf 88' lang='lat' dir='ltr'><strong>conjecturam,</strong></span> <span class='ocrx_word' id='word_1_81' title='bbox 545 1383 608 1477; x_wconf 73' lang='grc'><strong>106)</strong></span> <span class='ocrx_word' id='word_1_82' title='bbox 640 1412 700 1472; x_wconf 88' lang='lat' dir='ltr'><strong>qua</strong></span> <span class='ocrx_word' id='word_1_83' title='bbox 727 1391 807 1475; x_wconf 81' lang='grc' dir='ltr'><em>περὶ</em></span> <span class='ocrx_word' id='word_1_84' title='bbox 836 1381 986 1474; x_wconf 73' lang='grc' dir='ltr'><em>ἀγώνων</em></span> <span class='ocrx_word' id='word_1_85' title='bbox 1006 1391 1089 1454; x_wconf 89' lang='lat' dir='ltr'><strong>liber</strong></span> <span class='ocrx_word' id='word_1_86' title='bbox 1109 1411 1185 1474; x_wconf 90' lang='lat' dir='ltr'><strong>pars</strong></span> 
     </span>
     <span class='ocr_line' id='line_1_11' title="bbox 93 1496 1184 1582; baseline 0.004 -24"><span class='ocrx_word' id='word_1_87' title='bbox 93 1497 173 1558; x_wconf 91' lang='lat' dir='ltr'><strong>iilius</strong></span> <span class='ocrx_word' id='word_1_88' title='bbox 195 1498 305 1577; x_wconf 83' lang='lat' dir='ltr'><strong>operis</strong></span> <span class='ocrx_word' id='word_1_89' title='bbox 325 1496 440 1574; x_wconf 85' lang='lat' dir='ltr'><strong>luerit,</strong></span> <span class='ocrx_word' id='word_1_90' title='bbox 462 1497 525 1582; x_wconf 66' lang='lat'>¹⁰⁷.)</span> <span class='ocrx_word' id='word_1_91' title='bbox 554 1518 571 1558; x_wconf 86' lang='lat' dir='ltr'><strong>a</strong></span> <span class='ocrx_word' id='word_1_92' title='bbox 599 1501 667 1562; x_wconf 83' lang='lat' dir='ltr'><strong>veri</strong></span> <span class='ocrx_word' id='word_1_93' title='bbox 690 1500 816 1580; x_wconf 86' lang='lat' dir='ltr'><strong>quidem</strong></span> <span class='ocrx_word' id='word_1_94' title='bbox 838 1499 948 1580; x_wconf 84' lang='lat' dir='ltr'><strong>specie</strong></span> <span class='ocrx_word' id='word_1_95' title='bbox 969 1519 1030 1564; x_wconf 91' lang='lat' dir='ltr'><strong>nou</strong></span> <span class='ocrx_word' id='word_1_96' title='bbox 1051 1501 1184 1564; x_wconf 88' lang='lat' dir='ltr'><strong>alienam</strong></span> 
     </span>
    </p>
   </div>
   <div class='ocr_carea' id='block_1_5' title="bbox 94 1605 1185 1690">
    <p class='ocr_par' dir='ltr' id='par_1_5' title="bbox 94 1605 1185 1690">
     <span class='ocr_line' id='line_1_12' title="bbox 94 1605 1185 1690; baseline 0.004 -24"><span class='ocrx_word' id='word_1_97' title='bbox 94 1605 254 1680; x_wconf 84' lang='lat' dir='ltr'><strong>existimo,</strong></span> <span class='ocrx_word' id='word_1_98' title='bbox 284 1605 340 1666; x_wconf 89' lang='lat' dir='ltr'><strong>sed</strong></span> <span class='ocrx_word' id='word_1_99' title='bbox 361 1625 422 1666; x_wconf 91' lang='lat' dir='ltr'><strong>uon</strong></span> <span class='ocrx_word' id='word_1_100' title='bbox 442 1607 701 1686; x_wconf 66' lang='lat' dir='ltr'><strong>approbaverim,</strong></span> <span class='ocrx_word' id='word_1_101' title='bbox 731 1613 898 1688; x_wconf 73' lang='lat' dir='ltr'><strong>antequam</strong></span> <span class='ocrx_word' id='word_1_102' title='bbox 919 1606 1008 1681; x_wconf 83' lang='lat' dir='ltr'><strong>locus</strong></span> <span class='ocrx_word' id='word_1_103' title='bbox 1036 1614 1185 1690; x_wconf 88' lang='lat' dir='ltr'><strong>repertus</strong></span> 
     </span>
    </p>
   </div>
   <div class='ocr_carea' id='block_1_6' title="bbox 12 1701 1294 1802">
    <p class='ocr_par' dir='ltr' id='par_1_6' title="bbox 12 1701 1294 1802">
     <span class='ocr_line' id='line_1_13' title="bbox 12 1701 1294 1802; baseline 0.001 -28"><span class='ocrx_word' id='word_1_104' title='bbox 12 1703 14 1712; x_wconf 74' lang='grc'>’</span> <span class='ocrx_word' id='word_1_105' title='bbox 92 1711 208 1789; x_wconf 84' lang='lat' dir='ltr'><strong>inerit,</strong></span> <span class='ocrx_word' id='word_1_106' title='bbox 246 1716 301 1796; x_wconf 85' lang='lat' dir='ltr'><strong>qni</strong></span> <span class='ocrx_word' id='word_1_107' title='bbox 329 1719 363 1774; x_wconf 88' lang='lat' dir='ltr'><strong>et</strong></span> <span class='ocrx_word' id='word_1_108' title='bbox 389 1712 484 1774; x_wconf 89' lang='lat' dir='ltr'><strong>titulo</strong></span> <span class='ocrx_word' id='word_1_109' title='bbox 517 1716 594 1797; x_wconf 78' lang='grc' dir='ltr'><strong>περὶ</strong></span> <span class='ocrx_word' id='word_1_110' title='bbox 624 1712 800 1797; x_wconf 74' lang='grc' dir='ltr'><em>μουσικῶν</em></span> <span class='ocrx_word' id='word_1_111' title='bbox 831 1701 979 1794; x_wconf 76' lang='grc' dir='ltr'><em>ἀγώνων</em></span> <span class='ocrx_word' id='word_1_112' title='bbox 1008 1713 1061 1776; x_wconf 82' lang='lat' dir='ltr'><strong>vel</strong></span> <span class='ocrx_word' id='word_1_113' title='bbox 1090 1716 1186 1776; x_wconf 88' lang='lat' dir='ltr'><strong>etiam</strong></span> <span class='ocrx_word' id='word_1_114' title='bbox 1292 1797 1294 1802; x_wconf 65' lang='lat'><strong>,</strong></span> 
     </span>
    </p>
   </div>
   <div class='ocr_carea' id='block_1_7' title="bbox 94 1807 1185 1991">
    <p class='ocr_par' dir='ltr' id='par_1_7' title="bbox 94 1807 1185 1991">
     <span class='ocr_line' id='line_1_14' title="bbox 94 1807 1185 1904; baseline 0.002 -23"><span class='ocrx_word' id='word_1_115' title='bbox 94 1823 169 1904; x_wconf 77' lang='grc' dir='ltr'><strong>περὶ</strong></span> <span class='ocrx_word' id='word_1_116' title='bbox 189 1817 435 1884; x_wconf 76' lang='grc' dir='ltr'><em>Διονυσιακῶν</em></span> <span class='ocrx_word' id='word_1_117' title='bbox 463 1807 614 1902; x_wconf 65' lang='grc' dir='ltr'><em>οἱγοίνιον</em></span> <span class='ocrx_word' id='word_1_118' title='bbox 636 1825 698 1881; x_wconf 92' lang='lat' dir='ltr'><strong>etc.</strong></span> <span class='ocrx_word' id='word_1_119' title='bbox 723 1825 757 1881; x_wconf 92' lang='lat' dir='ltr'><strong>et</strong></span> <span class='ocrx_word' id='word_1_120' title='bbox 780 1820 989 1902; x_wconf 84' lang='lat' dir='ltr'><strong>inscriptione</strong></span> <span class='ocrx_word' id='word_1_121' title='bbox 1009 1815 1097 1886; x_wconf 84' lang='grc' dir='ltr'><strong>Βιόυ</strong></span> <span class='ocrx_word' id='word_1_122' title='bbox 1117 1819 1185 1883; x_wconf 86' lang='lat' dir='ltr'><strong>iau·</strong></span> 
     </span>
     <span class='ocr_line' id='line_1_15' title="bbox 96 1927 377 1991; baseline 0.011 -2"><span class='ocrx_word' id='word_1_123' title='bbox 96 1927 196 1991; x_wconf 85' lang='lat' dir='ltr'><strong>detur.</strong></span> <span class='ocrx_word' id='word_1_124' title='bbox 372 1931 377 1938; x_wconf 88' lang='lat'>&#39;</span> 
     </span>
    </p>
   </div>
   <div class='ocr_carea' id='block_1_8' title="bbox 26 2035 1245 4395">
    <p class='ocr_par' dir='ltr' id='par_1_8' title="bbox 165 2035 672 2125">
     <span class='ocr_line' id='line_1_16' title="bbox 165 2035 672 2125; baseline 0.004 -19"><span class='ocrx_word' id='word_1_125' title='bbox 165 2055 191 2124; x_wconf 87' lang='lat' dir='ltr'><strong>t)</strong></span> <span class='ocrx_word' id='word_1_126' title='bbox 210 2053 245 2106; x_wconf 75' lang='lat' dir='ltr'><strong>aa</strong></span> <span class='ocrx_word' id='word_1_127' title='bbox 263 2053 321 2106; x_wconf 76' lang='lat' dir='ltr'><strong>cic.</strong></span> <span class='ocrx_word' id='word_1_128' title='bbox 339 2071 380 2125; x_wconf 77' lang='lat' dir='ltr'><strong>ep.</strong></span> <span class='ocrx_word' id='word_1_129' title='bbox 401 2051 434 2104; x_wconf 72' lang='lat' dir='ltr'><strong>aa</strong></span> <span class='ocrx_word' id='word_1_130' title='bbox 453 2053 507 2106; x_wconf 74' lang='grc' dir='ltr'><strong>ιιι</strong></span> <span class='ocrx_word' id='word_1_131' title='bbox 526 2051 605 2115; x_wconf 81' lang='lat' dir='ltr'><strong>xm,</strong></span> <span class='ocrx_word' id='word_1_132' title='bbox 625 2035 672 2108; x_wconf 70' lang='lat' dir='ltr'><strong>sol</strong></span> 
     </span>
    </p>

    <p class='ocr_par' dir='ltr' id='par_1_9' title="bbox 92 2141 1187 2502">
     <span class='ocr_line' id='line_1_17' title="bbox 160 2141 1187 2219; baseline -0.004 -16"><span class='ocrx_word' id='word_1_133' title='bbox 160 2150 192 2214; x_wconf 81' lang='lat'><strong>2)</strong></span> <span class='ocrx_word' id='word_1_134' title='bbox 212 2149 276 2217; x_wconf 85' lang='lat' dir='ltr'><strong>Quo</strong></span> <span class='ocrx_word' id='word_1_135' title='bbox 294 2149 356 2200; x_wconf 90' lang='lat' dir='ltr'><strong>loeo</strong></span> <span class='ocrx_word' id='word_1_136' title='bbox 376 2142 531 2200; x_wconf 87' lang='lat' dir='ltr'><strong>mutandum</strong></span> <span class='ocrx_word' id='word_1_137' title='bbox 549 2143 651 2219; x_wconf 89' lang='lat' dir='ltr'><strong>aliquid</strong></span> <span class='ocrx_word' id='word_1_138' title='bbox 668 2161 726 2199; x_wconf 89' lang='lat' dir='ltr'><strong>esse</strong></span> <span class='ocrx_word' id='word_1_139' title='bbox 743 2143 903 2218; x_wconf 89' lang='lat' dir='ltr'><strong>persuadere</strong></span> <span class='ocrx_word' id='word_1_140' title='bbox 922 2141 989 2196; x_wconf 90' lang='lat' dir='ltr'><strong>mihi</strong></span> <span class='ocrx_word' id='word_1_141' title='bbox 1011 2151 1187 2216; x_wconf 81' lang='lat' dir='ltr'><strong>nequeo,·et</strong></span> 
     </span>
     <span class='ocr_line' id='line_1_18' title="bbox 94 2237 1186 2316; baseline -0.005 -20"><span class='ocrx_word' id='word_1_142' title='bbox 94 2239 372 2309; x_wconf 83' lang='lat' dir='ltr'><strong>Schweighaeuserum</strong></span> <span class='ocrx_word' id='word_1_143' title='bbox 396 2257 519 2314; x_wconf 89' lang='lat' dir='ltr'><strong>quoqne,</strong></span> <span class='ocrx_word' id='word_1_144' title='bbox 548 2237 594 2312; x_wconf 82' lang='lat' dir='ltr'><strong>qui</strong></span> <span class='ocrx_word' id='word_1_145' title='bbox 612 2239 646 2290; x_wconf 88' lang='lat' dir='ltr'><strong>ad</strong></span> <span class='ocrx_word' id='word_1_146' title='bbox 665 2247 820 2293; x_wconf 81' lang='lat' dir='ltr'><strong>contextum</strong></span> <span class='ocrx_word' id='word_1_147' title='bbox 844 2245 870 2296; x_wconf 72' lang='lat' dir='ltr'><strong>tv</strong></span> <span class='ocrx_word' id='word_1_148' title='bbox 887 2247 942 2304; x_wconf 71' lang='grc' dir='ltr'><strong>τοῖς</strong></span> <span class='ocrx_word' id='word_1_149' title='bbox 957 2237 1126 2316; x_wconf 60' lang='grc' dir='ltr'><em>βιβλιοθήκης</em></span> <span class='ocrx_word' id='word_1_150' title='bbox 1142 2237 1186 2297; x_wconf 82' lang='lat' dir='ltr'><strong>aei</strong></span> 
     </span>
     <span class='ocr_line' id='line_1_19' title="bbox 93 2324 1186 2410; baseline -0.003 -22"><span class='ocrx_word' id='word_1_151' title='bbox 93 2344 118 2394; x_wconf 70' lang='grc' dir='ltr'><em>ιι</em></span> <span class='ocrx_word' id='word_1_152' title='bbox 134 2338 170 2409; x_wconf 63' lang='grc' dir='ltr'><strong>τῷ</strong></span> <span class='ocrx_word' id='word_1_153' title='bbox 187 2335 216 2394; x_wconf 68' lang='lat' dir='ltr'><strong>sui</strong></span> <span class='ocrx_word' id='word_1_154' title='bbox 234 2333 407 2410; x_wconf 65' lang='grc' dir='ltr'><strong>βιβλιοθήκης</strong></span> <span class='ocrx_word' id='word_1_155' title='bbox 424 2333 565 2404; x_wconf 78' lang='lat' dir='ltr'><strong>legendum</strong></span> <span class='ocrx_word' id='word_1_156' title='bbox 582 2324 770 2406; x_wconf 82' lang='lat' dir='ltr'><strong>proposuerat,</strong></span> <span class='ocrx_word' id='word_1_157' title='bbox 789 2330 819 2384; x_wconf 91' lang='lat' dir='ltr'><strong>in</strong></span> <span class='ocrx_word' id='word_1_158' title='bbox 836 2329 926 2386; x_wconf 89' lang='lat' dir='ltr'><strong>indice</strong></span> <span class='ocrx_word' id='word_1_159' title='bbox 945 2329 1043 2386; x_wconf 89' lang='lat' dir='ltr'><strong>deinde</strong></span> <span class='ocrx_word' id='word_1_160' title='bbox 1060 2333 1186 2390; x_wconf 83' lang='lat' dir='ltr'><strong>codicum</strong></span> 
     </span>
     <span class='ocr_line' id='line_1_20' title="bbox 92 2425 1028 2502; baseline -0.007 -20"><span class='ocrx_word' id='word_1_161' title='bbox 92 2431 204 2485; x_wconf 87' lang='lat' dir='ltr'><strong>lectioni</strong></span> <span class='ocrx_word' id='word_1_162' title='bbox 221 2429 439 2502; x_wconf 83' lang='lat' dir='ltr'><strong>patrocinantem</strong></span> <span class='ocrx_word' id='word_1_163' title='bbox 455 2425 546 2482; x_wconf 81' lang='lat' dir='ltr'><strong>video.</strong></span> <span class='ocrx_word' id='word_1_164' title='bbox 1024 2482 1028 2488; x_wconf 87' lang='lat'>.</span> 
     </span>
    </p>

    <p class='ocr_par' dir='ltr' id='par_1_10' title="bbox 26 2515 1245 4395">
     <span class='ocr_line' id='line_1_21' title="bbox 159 2515 1186 2592; baseline -0.006 -12"><span class='ocrx_word' id='word_1_165' title='bbox 159 2528 195 2592; x_wconf 80' lang='lat'><strong>3)</strong></span> <span class='ocrx_word' id='word_1_166' title='bbox 212 2523 325 2578; x_wconf 82' lang='lat' dir='ltr'><strong>Etiamsi</strong></span> <span class='ocrx_word' id='word_1_167' title='bbox 343 2521 452 2576; x_wconf 86' lang='lat' dir='ltr'><strong>dicendi</strong></span> <span class='ocrx_word' id='word_1_168' title='bbox 470 2537 551 2590; x_wconf 78' lang='lat' dir='ltr'><strong>genna</strong></span> <span class='ocrx_word' id='word_1_169' title='bbox 568 2517 648 2588; x_wconf 85' lang='lat' dir='ltr'><strong>hujus</strong></span> <span class='ocrx_word' id='word_1_170' title='bbox 666 2515 807 2582; x_wconf 79' lang='lat' dir='ltr'><strong>clearchi,</strong></span> <span class='ocrx_word' id='word_1_171' title='bbox 834 2517 905 2572; x_wconf 87' lang='lat' dir='ltr'><strong>aient</strong></span> <span class='ocrx_word' id='word_1_172' title='bbox 923 2517 1186 2587; x_wconf 79' lang='lat' dir='ltr'><strong>Schweighaeuserns</strong></span> 
     </span>
     <span class='ocr_line' id='line_1_22' title="bbox 93 2611 1186 2688; baseline -0.004 -16"><span class='ocrx_word' id='word_1_173' title='bbox 93 2618 128 2672; x_wconf 91' lang='lat' dir='ltr'><strong>ad</strong></span> <span class='ocrx_word' id='word_1_174' title='bbox 146 2618 316 2673; x_wconf 72' lang='lat' dir='ltr'><strong>Athenaeum</strong></span> <span class='ocrx_word' id='word_1_175' title='bbox 339 2615 495 2684; x_wconf 70' lang='lat' dir='ltr'><strong>contendit,</strong></span> <span class='ocrx_word' id='word_1_176' title='bbox 526 2611 686 2686; x_wconf 85' lang='lat' dir='ltr'><strong>exquisitum</strong></span> <span class='ocrx_word' id='word_1_177' title='bbox 709 2620 791 2684; x_wconf 86' lang='lat' dir='ltr'><strong>atque</strong></span> <span class='ocrx_word' id='word_1_178' title='bbox 816 2613 969 2674; x_wconf 80' lang='lat' dir='ltr'><strong>affectatum</strong></span> <span class='ocrx_word' id='word_1_179' title='bbox 986 2613 1077 2688; x_wconf 86' lang='lat' dir='ltr'><strong>potios</strong></span> <span class='ocrx_word' id='word_1_180' title='bbox 1094 2613 1186 2680; x_wconf 82' lang='lat' dir='ltr'><strong>inerit,</strong></span> 
     </span>
     <span class='ocr_line' id='line_1_23' title="bbox 92 2704 1187 2784; baseline -0.004 -17"><span class='ocrx_word' id='word_1_181' title='bbox 92 2729 155 2768; x_wconf 91' lang='lat' dir='ltr'><strong>cnm</strong></span> <span class='ocrx_word' id='word_1_182' title='bbox 173 2731 206 2766; x_wconf 92' lang='lat' dir='ltr'><strong>eo</strong></span> <span class='ocrx_word' id='word_1_183' title='bbox 223 2719 315 2766; x_wconf 86' lang='lat' dir='ltr'><strong>tamen</strong></span> <span class='ocrx_word' id='word_1_184' title='bbox 333 2711 487 2765; x_wconf 88' lang='lat' dir='ltr'><strong>doctissimo</strong></span> <span class='ocrx_word' id='word_1_185' title='bbox 502 2704 563 2764; x_wconf 75' lang='lat' dir='ltr'><strong>¹viro</strong></span> <span class='ocrx_word' id='word_1_186' title='bbox 582 2707 648 2760; x_wconf 89' lang='lat' dir='ltr'><strong>mibi</strong></span> <span class='ocrx_word' id='word_1_187' title='bbox 665 2707 747 2782; x_wconf 82' lang='lat' dir='ltr'><strong>piane</strong></span> <span class='ocrx_word' id='word_1_188' title='bbox 764 2725 819 2761; x_wconf 89' lang='lat' dir='ltr'><strong>non</strong></span> <span class='ocrx_word' id='word_1_189' title='bbox 839 2711 993 2784; x_wconf 64' lang='lat' dir='ltr'><strong>convenit,</strong></span> <span class='ocrx_word' id='word_1_190' title='bbox 1004 2711 1077 2781; x_wconf 80' lang='lat' dir='ltr'><strong>qno&#39;d</strong></span> <span class='ocrx_word' id='word_1_191' title='bbox 1095 2711 1187 2764; x_wconf 80' lang='lat' dir='ltr'><strong>Clear-</strong></span> 
     </span>
     <span class='ocr_line' id='line_1_24' title="bbox 92 2798 1221 2882; baseline -0.004 -20"><span class='ocrx_word' id='word_1_192' title='bbox 92 2806 179 2872; x_wconf 81' lang='lat' dir='ltr'><strong>cbnm</strong></span> <span class='ocrx_word' id='word_1_193' title='bbox 196 2806 410 2861; x_wconf 83' lang='lat' dir='ltr'><strong>absurdissimum</strong></span> <span class='ocrx_word' id='word_1_194' title='bbox 428 2805 585 2876; x_wconf 75' lang='lat' dir='ltr'><strong>scriptorem</strong></span> <span class='ocrx_word' id='word_1_195' title='bbox 603 2799 685 2858; x_wconf 85' lang='lat' dir='ltr'><strong>inisse</strong></span> <span class='ocrx_word' id='word_1_196' title='bbox 703 2798 870 2857; x_wconf 84' lang='lat' dir='ltr'><strong>existimavit.</strong></span> <span class='ocrx_word' id='word_1_197' title='bbox 896 2802 1078 2882; x_wconf 78' lang='lat' dir='ltr'><strong>consideratis</strong></span> <span class='ocrx_word' id='word_1_198' title='bbox 1095 2805 1187 2878; x_wconf 90' lang='lat' dir='ltr'><strong>potios</strong></span> <span class='ocrx_word' id='word_1_199' title='bbox 1217 2816 1221 2840; x_wconf 83' lang='lat'><strong><em>¹</em></strong></span> 
     </span>
     <span class='ocr_line' id='line_1_25' title="bbox 91 2894 1189 2976; baseline -0.005 -20"><span class='ocrx_word' id='word_1_200' title='bbox 91 2901 220 2957; x_wconf 87' lang='lat' dir='ltr'><strong>Clearcbi</strong></span> <span class='ocrx_word' id='word_1_201' title='bbox 237 2919 308 2976; x_wconf 85' lang='lat' dir='ltr'><strong>qnae</strong></span> <span class='ocrx_word' id='word_1_202' title='bbox 325 2907 468 2972; x_wconf 77' lang='lat' dir='ltr'><strong>supersunt</strong></span> <span class='ocrx_word' id='word_1_203' title='bbox 484 2896 639 2966; x_wconf 77' lang='lat' dir='ltr'><strong>fragmentis</strong></span> <span class='ocrx_word' id='word_1_204' title='bbox 658 2895 820 2976; x_wconf 65' lang='lat' dir='ltr'><strong>Clearcbum</strong></span> <span class='ocrx_word' id='word_1_205' title='bbox 836 2894 1070 2970; x_wconf 86' lang='lat' dir='ltr'><strong>mihi¹persuadeo</strong></span> <span class='ocrx_word' id='word_1_206' title='bbox 1087 2898 1116 2950; x_wconf 90' lang='lat' dir='ltr'><strong>in</strong></span> <span class='ocrx_word' id='word_1_207' title='bbox 1133 2915 1189 2950; x_wconf 88' lang='lat' dir='ltr'><strong>rne-</strong></span> 
     </span>
     <span class='ocr_line' id='line_1_26' title="bbox 26 2984 1188 3068; baseline -0.003 -18"><span class='ocrx_word' id='word_1_208' title='bbox 26 3039 31 3050; x_wconf 85' lang='lat'><em>.</em></span> <span class='ocrx_word' id='word_1_209' title='bbox 91 3004 198 3051; x_wconf 89' lang='lat' dir='ltr'><strong>morato</strong></span> <span class='ocrx_word' id='word_1_210' title='bbox 216 3013 299 3068; x_wconf 86' lang='lat' dir='ltr'><strong>opere</strong></span> <span class='ocrx_word' id='word_1_211' title='bbox 317 3012 446 3049; x_wconf 87' lang='lat' dir='ltr'><strong>summum</strong></span> <span class='ocrx_word' id='word_1_212' title='bbox 464 2993 605 3050; x_wconf 86' lang='lat' dir='ltr'><strong>consilium</strong></span> <span class='ocrx_word' id='word_1_213' title='bbox 623 2984 677 3047; x_wconf 89' lang='lat' dir='ltr'><strong>sibi</strong></span> <span class='ocrx_word' id='word_1_214' title='bbox 689 2991 869 3066; x_wconf 73' lang='lat' dir='ltr'><strong>proposuisse,</strong></span> <span class='ocrx_word' id='word_1_215' title='bbox 889 3007 1021 3047; x_wconf 86' lang='lat' dir='ltr'><strong>amorum</strong></span> <span class='ocrx_word' id='word_1_216' title='bbox 1034 2993 1188 3063; x_wconf 85' lang='lat' dir='ltr'><strong>corruptela</strong></span> 
     </span>
     <span class='ocr_line' id='line_1_27' title="bbox 91 3066 1188 3164; baseline -0.005 -18"><span class='ocrx_word' id='word_1_217' title='bbox 91 3109 140 3146; x_wconf 84' lang='lat' dir='ltr'><strong>auo</strong></span> <span class='ocrx_word' id='word_1_218' title='bbox 166 3089 252 3164; x_wconf 87' lang='lat' dir='ltr'><strong>ipsius</strong></span> <span class='ocrx_word' id='word_1_219' title='bbox 277 3107 346 3144; x_wconf 85' lang='lat' dir='ltr'><strong>aevo</strong></span> <span class='ocrx_word' id='word_1_220' title='bbox 371 3066 512 3142; x_wconf 83' lang='lat' dir='ltr'><strong>obtinente</strong></span> <span class='ocrx_word' id='word_1_221' title='bbox 539 3087 574 3140; x_wconf 83' lang='lat' dir='ltr'><strong>ad</strong></span> <span class='ocrx_word' id='word_1_222' title='bbox 595 3087 775 3156; x_wconf 83' lang='lat' dir='ltr'><strong>integritatem</strong></span> <span class='ocrx_word' id='word_1_223' title='bbox 796 3093 824 3140; x_wconf 88' lang='lat' dir='ltr'><strong>et</strong></span> <span class='ocrx_word' id='word_1_224' title='bbox 847 3081 1046 3156; x_wconf 89' lang='lat' dir='ltr'><strong>simplicitatem</strong></span> <span class='ocrx_word' id='word_1_225' title='bbox 1069 3085 1188 3158; x_wconf 86' lang='lat' dir='ltr'><strong>priorum</strong></span> 
     </span>
     <span class='ocr_line' id='line_1_28' title="bbox 93 3179 1189 3258; baseline -0.004 -20"><span class='ocrx_word' id='word_1_226' title='bbox 93 3191 246 3258; x_wconf 88' lang='lat' dir='ltr'><strong>temporum</strong></span> <span class='ocrx_word' id='word_1_227' title='bbox 264 3181 425 3249; x_wconf 81' lang='lat' dir='ltr'><strong>revocandi,</strong></span> <span class='ocrx_word' id='word_1_228' title='bbox 457 3182 531 3256; x_wconf 91' lang='lat' dir='ltr'><strong>quod</strong></span> <span class='ocrx_word' id='word_1_229' title='bbox 558 3179 666 3254; x_wconf 86' lang='lat' dir='ltr'><strong>quidem</strong></span> <span class='ocrx_word' id='word_1_230' title='bbox 693 3199 754 3235; x_wconf 88' lang='lat' dir='ltr'><strong>cnm</strong></span> <span class='ocrx_word' id='word_1_231' title='bbox 776 3179 925 3235; x_wconf 82' lang='lat' dir='ltr'><strong>rationibus</strong></span> <span class='ocrx_word' id='word_1_232' title='bbox 949 3181 1189 3252; x_wconf 83' lang='lat' dir='ltr'><strong>Peripateticorum</strong></span> 
     </span>
     <span class='ocr_line' id='line_1_29' title="bbox 94 3267 1190 3352; baseline -0.001 -20"><span class='ocrx_word' id='word_1_233' title='bbox 94 3297 175 3352; x_wconf 83' lang='lat' dir='ltr'><strong>quarn</strong></span> <span class='ocrx_word' id='word_1_234' title='bbox 195 3279 310 3331; x_wconf 79' lang='lat' dir='ltr'><strong>maxima</strong></span> <span class='ocrx_word' id='word_1_235' title='bbox 327 3267 474 3345; x_wconf 72' lang='lat' dir='ltr'><strong>congruum</strong></span> <span class='ocrx_word' id='word_1_236' title='bbox 492 3283 533 3336; x_wconf 87' lang='lat' dir='ltr'><strong>esi</strong></span> <span class='ocrx_word' id='word_1_237' title='bbox 550 3295 626 3330; x_wconf 88' lang='lat' dir='ltr'><strong>usum</strong></span> <span class='ocrx_word' id='word_1_238' title='bbox 644 3275 717 3332; x_wconf 80' lang='lat' dir='ltr'><strong>vitoe</strong></span> <span class='ocrx_word' id='word_1_239' title='bbox 734 3295 839 3350; x_wconf 87' lang='lat' dir='ltr'><strong>semper</strong></span> <span class='ocrx_word' id='word_1_240' title='bbox 863 3275 1072 3350; x_wconf 86' lang='lat' dir='ltr'><strong>respicientium.</strong></span> <span class='ocrx_word' id='word_1_241' title='bbox 1108 3277 1190 3331; x_wconf 83' lang='lat' dir='ltr'><strong>Prae·</strong></span> 
     </span>
     <span class='ocr_line' id='line_1_30' title="bbox 93 3367 1231 3444; baseline -0.002 -18"><span class='ocrx_word' id='word_1_242' title='bbox 93 3381 135 3426; x_wconf 90' lang='lat' dir='ltr'><strong>ter</strong></span> <span class='ocrx_word' id='word_1_243' title='bbox 151 3371 339 3432; x_wconf 78' lang='lat' dir='ltr'><strong>sariasenim</strong></span> <span class='ocrx_word' id='word_1_244' title='bbox 367 3367 400 3426; x_wconf 90' lang='lat' dir='ltr'><strong>de</strong></span> <span class='ocrx_word' id='word_1_245' title='bbox 422 3369 527 3426; x_wconf 79' lang='lat' dir='ltr'><strong>luxuria</strong></span> <span class='ocrx_word' id='word_1_246' title='bbox 553 3379 581 3425; x_wconf 86' lang='lat' dir='ltr'><strong>et</strong></span> <span class='ocrx_word' id='word_1_247' title='bbox 605 3371 786 3444; x_wconf 85' lang='lat' dir='ltr'><strong>voluptatibus</strong></span> <span class='ocrx_word' id='word_1_248' title='bbox 809 3371 970 3428; x_wconf 81' lang='lat' dir='ltr'><strong>diversarum</strong></span> <span class='ocrx_word' id='word_1_249' title='bbox 994 3373 1129 3440; x_wconf 81' lang='lat' dir='ltr'><strong>gentium,</strong></span> <span class='ocrx_word' id='word_1_250' title='bbox 1158 3377 1191 3426; x_wconf 86' lang='lat' dir='ltr'><strong>nt</strong></span> <span class='ocrx_word' id='word_1_251' title='bbox 1212 3367 1231 3376; x_wconf 71' lang='grc'>”</span> 
     </span>
     <span class='ocr_line' id='line_1_31' title="bbox 94 3447 1191 3550; baseline -0.003 -26"><span class='ocrx_word' id='word_1_252' title='bbox 94 3447 254 3534; x_wconf 76' lang='lat' dir='ltr'><strong>Medorum,</strong></span> <span class='ocrx_word' id='word_1_253' title='bbox 273 3469 448 3546; x_wconf 65' lang='lat' dir='ltr'><strong>Scytharum,</strong></span> <span class='ocrx_word' id='word_1_254' title='bbox 473 3469 642 3550; x_wconf 86' lang='lat' dir='ltr'><strong>Siculorum,</strong></span> <span class='ocrx_word' id='word_1_255' title='bbox 666 3469 890 3535; x_wconf 86' lang='lat' dir='ltr'><strong>Tarentinorum,</strong></span> <span class='ocrx_word' id='word_1_256' title='bbox 916 3469 1080 3524; x_wconf 74' lang='lat' dir='ltr'><strong>Milesiorum</strong></span> <span class='ocrx_word' id='word_1_257' title='bbox 1099 3467 1191 3536; x_wconf 73' lang='lat' dir='ltr'><strong>singu·</strong></span> 
     </span>
     <span class='ocr_line' id='line_1_32' title="bbox 93 3561 1192 3637; baseline -0.003 -21"><span class='ocrx_word' id='word_1_258' title='bbox 93 3563 239 3637; x_wconf 84' lang='lat' dir='ltr'><strong>lorumque</strong></span> <span class='ocrx_word' id='word_1_259' title='bbox 256 3563 414 3628; x_wconf 87' lang='lat' dir='ltr'><strong>hominum,</strong></span> <span class='ocrx_word' id='word_1_260' title='bbox 440 3570 471 3616; x_wconf 91' lang='lat' dir='ltr'><strong>ut</strong></span> <span class='ocrx_word' id='word_1_261' title='bbox 488 3564 563 3618; x_wconf 87' lang='lat' dir='ltr'><strong>Darii</strong></span> <span class='ocrx_word' id='word_1_262' title='bbox 581 3563 767 3630; x_wconf 85' lang='lat' dir='ltr'><strong>Codomanni,</strong></span> <span class='ocrx_word' id='word_1_263' title='bbox 786 3563 968 3618; x_wconf 85' lang='lat' dir='ltr'><strong>Cantiharidis</strong></span> <span class='ocrx_word' id='word_1_264' title='bbox 985 3563 1106 3634; x_wconf 78' lang='lat' dir='ltr'><strong>Persae„</strong></span> <span class='ocrx_word' id='word_1_265' title='bbox 1122 3561 1192 3614; x_wconf 90' lang='lat' dir='ltr'><strong>Pha·</strong></span> 
     </span>
     <span class='ocr_line' id='line_1_33' title="bbox 94 3645 1244 3728; baseline 0 -18"><span class='ocrx_word' id='word_1_266' title='bbox 94 3645 190 3712; x_wconf 77' lang='lat' dir='ltr'><strong>luridis</strong></span> <span class='ocrx_word' id='word_1_267' title='bbox 211 3667 241 3714; x_wconf 87' lang='lat' dir='ltr'><strong>et</strong></span> <span class='ocrx_word' id='word_1_268' title='bbox 265 3656 389 3728; x_wconf 82' lang='lat' dir='ltr'><strong>Dionysii</strong></span> <span class='ocrx_word' id='word_1_269' title='bbox 412 3665 604 3726; x_wconf 83' lang='lat' dir='ltr'><strong>tyrannorum,</strong></span> <span class='ocrx_word' id='word_1_270' title='bbox 632 3658 665 3712; x_wconf 90' lang='lat' dir='ltr'><strong>de</strong></span> <span class='ocrx_word' id='word_1_271' title='bbox 689 3657 898 3710; x_wconf 81' lang='lat' dir='ltr'><strong>helluationibus</strong></span> <span class='ocrx_word' id='word_1_272' title='bbox 915 3655 1068 3712; x_wconf 80' lang='lat' dir='ltr'><strong>Anaxarchi</strong></span> <span class='ocrx_word' id='word_1_273' title='bbox 1092 3655 1193 3710; x_wconf 82' lang='lat' dir='ltr'><strong>eudae-</strong></span> <span class='ocrx_word' id='word_1_274' title='bbox 1242 3719 1244 3725; x_wconf 69' lang='lat'><strong>,</strong></span> 
     </span>
     <span class='ocr_line' id='line_1_34' title="bbox 96 3741 1193 3822; baseline -0.002 -16"><span class='ocrx_word' id='word_1_275' title='bbox 96 3753 231 3808; x_wconf 87' lang='lat' dir='ltr'><strong>monialae</strong></span> <span class='ocrx_word' id='word_1_276' title='bbox 249 3761 278 3806; x_wconf 87' lang='lat' dir='ltr'><strong>et</strong></span> <span class='ocrx_word' id='word_1_277' title='bbox 295 3751 328 3805; x_wconf 91' lang='lat' dir='ltr'><strong>de</strong></span> <span class='ocrx_word' id='word_1_278' title='bbox 345 3751 486 3820; x_wconf 82' lang='lat' dir='ltr'><strong>magnifico</strong></span> <span class='ocrx_word' id='word_1_279' title='bbox 505 3741 639 3806; x_wconf 82' lang='lat' dir='ltr'><strong>Parrhasii</strong></span> <span class='ocrx_word' id='word_1_280' title='bbox 661 3750 772 3822; x_wconf 87' lang='lat' dir='ltr'><strong>pictoris</strong></span> <span class='ocrx_word' id='word_1_281' title='bbox 797 3749 894 3804; x_wconf 91' lang='lat' dir='ltr'><strong>habitu</strong></span> <span class='ocrx_word' id='word_1_282' title='bbox 916 3751 1027 3805; x_wconf 87' lang='lat' dir='ltr'><strong>notitias</strong></span> <span class='ocrx_word' id='word_1_283' title='bbox 1050 3767 1065 3802; x_wconf 87' lang='lat' dir='ltr'><strong>a</strong></span> <span class='ocrx_word' id='word_1_284' title='bbox 1088 3749 1193 3804; x_wconf 87' lang='lat' dir='ltr'><strong>luxuria</strong></span> 
     </span>
     <span class='ocr_line' id='line_1_35' title="bbox 97 3833 1245 3927; baseline 0.005 -29"><span class='ocrx_word' id='word_1_285' title='bbox 97 3846 197 3902; x_wconf 78' lang='lat' dir='ltr'><strong>diserte</strong></span> <span class='ocrx_word' id='word_1_286' title='bbox 222 3843 410 3906; x_wconf 83' lang='lat' dir='ltr'><strong>dehortantem</strong></span> <span class='ocrx_word' id='word_1_287' title='bbox 425 3833 677 3918; x_wconf 65' lang='lat' dir='ltr'><strong>&#39;&#39;deprehendimun</strong></span> <span class='ocrx_word' id='word_1_288' title='bbox 706 3843 859 3919; x_wconf 74' lang='grc' dir='ltr'><em>εὖλσβητέον</em></span> <span class='ocrx_word' id='word_1_289' title='bbox 886 3839 933 3904; x_wconf 81' lang='grc' dir='ltr'><strong>οὗν</strong></span> <span class='ocrx_word' id='word_1_290' title='bbox 957 3844 1007 3918; x_wconf 72' lang='grc' dir='ltr'><strong>τὴν</strong></span> <span class='ocrx_word' id='word_1_291' title='bbox 1035 3851 1193 3920; x_wconf 74' lang='grc' dir='ltr'><em>καλουμένην</em></span> <span class='ocrx_word' id='word_1_292' title='bbox 1225 3839 1245 3927; x_wconf 28' lang='grc' dir='ltr'><strong>ι’</strong></span> 
     </span>
     <span class='ocr_line' id='line_1_36' title="bbox 97 3923 1193 4018; baseline -0.002 -20"><span class='ocrx_word' id='word_1_293' title='bbox 97 3941 202 4018; x_wconf 70' lang='grc' dir='ltr'><strong>τρυφὴν</strong></span> <span class='ocrx_word' id='word_1_294' title='bbox 217 3935 300 4001; x_wconf 75' lang='grc' dir='ltr'><em>οὖσαν</em></span> <span class='ocrx_word' id='word_1_295' title='bbox 315 3939 367 3999; x_wconf 71' lang='lat' dir='ltr'><strong>nia</strong></span> <span class='ocrx_word' id='word_1_296' title='bbox 382 3945 444 4013; x_wconf 72' lang='grc' dir='ltr'><em>βίον</em></span> <span class='ocrx_word' id='word_1_297' title='bbox 459 3937 624 4018; x_wconf 61' lang='lat' dir='ltr'><strong>inerpertis,</strong></span> <span class='ocrx_word' id='word_1_298' title='bbox 651 3934 771 3996; x_wconf 65' lang='lat' dir='ltr'><strong>trinos</strong></span> <span class='ocrx_word' id='word_1_299' title='bbox 793 3963 823 3996; x_wconf 78' lang='lat' dir='ltr'><strong>re</strong></span> <span class='ocrx_word' id='word_1_300' title='bbox 845 3923 969 4014; x_wconf 65' lang='lat' dir='ltr'><strong>ttione-</strong></span> <span class='ocrx_word' id='word_1_301' title='bbox 987 3937 1051 4008; x_wconf 74' lang='grc' dir='ltr'>(δεῖ)</span> <span class='ocrx_word' id='word_1_302' title='bbox 1068 3936 1193 4014; x_wconf 71' lang='grc' dir='ltr'><strong>ἡγεῖσθαι</strong></span> 
     </span>
     <span class='ocr_line' id='line_1_37' title="bbox 99 4031 1193 4114; baseline -0.001 -27"><span class='ocrx_word' id='word_1_303' title='bbox 99 4033 150 4110; x_wconf 65' lang='lat' dir='ltr'><strong>sip</strong></span> <span class='ocrx_word' id='word_1_304' title='bbox 165 4033 251 4114; x_wconf 58' lang='lat' dir='ltr'><strong>rim,</strong></span> <span class='ocrx_word' id='word_1_305' title='bbox 283 4034 347 4104; x_wconf 85' lang='lat' dir='ltr'><strong>Qun</strong></span> <span class='ocrx_word' id='word_1_306' title='bbox 364 4033 446 4088; x_wconf 87' lang='lat' dir='ltr'><strong>etiam</strong></span> <span class='ocrx_word' id='word_1_307' title='bbox 462 4033 594 4104; x_wconf 85' lang='lat' dir='ltr'><strong>pertinet,</strong></span> <span class='ocrx_word' id='word_1_308' title='bbox 623 4032 698 4106; x_wconf 85' lang='lat' dir='ltr'><strong>qnod</strong></span> <span class='ocrx_word' id='word_1_309' title='bbox 720 4051 829 4088; x_wconf 88' lang='lat' dir='ltr'><strong>suorum</strong></span> <span class='ocrx_word' id='word_1_310' title='bbox 853 4032 1004 4106; x_wconf 82' lang='lat' dir='ltr'><strong>aequalium</strong></span> <span class='ocrx_word' id='word_1_311' title='bbox 1023 4031 1129 4092; x_wconf 81' lang='lat' dir='ltr'><strong>vivendi</strong></span> <span class='ocrx_word' id='word_1_312' title='bbox 1148 4046 1193 4086; x_wconf 84' lang='lat' dir='ltr'><strong>ra·</strong></span> 
     </span>
     <span class='ocr_line' id='line_1_38' title="bbox 102 4128 1193 4202; baseline 0 -20"><span class='ocrx_word' id='word_1_313' title='bbox 102 4129 204 4184; x_wconf 86' lang='lat' dir='ltr'><strong>tionem</strong></span> <span class='ocrx_word' id='word_1_314' title='bbox 222 4147 257 4184; x_wconf 83' lang='lat' dir='ltr'><strong>ex</strong></span> <span class='ocrx_word' id='word_1_315' title='bbox 274 4129 386 4192; x_wconf 82' lang='lat' dir='ltr'><strong>adverso</strong></span> <span class='ocrx_word' id='word_1_316' title='bbox 403 4128 523 4202; x_wconf 87' lang='lat' dir='ltr'><strong>priorum</strong></span> <span class='ocrx_word' id='word_1_317' title='bbox 541 4138 691 4200; x_wconf 87' lang='lat' dir='ltr'><strong>temporum</strong></span> <span class='ocrx_word' id='word_1_318' title='bbox 709 4131 878 4195; x_wconf 85' lang='lat' dir='ltr'><strong>considerat,</strong></span> <span class='ocrx_word' id='word_1_319' title='bbox 904 4129 978 4202; x_wconf 85' lang='lat' dir='ltr'><strong>quad</strong></span> <span class='ocrx_word' id='word_1_320' title='bbox 994 4129 1030 4182; x_wconf 89' lang='lat' dir='ltr'><strong>de</strong></span> <span class='ocrx_word' id='word_1_321' title='bbox 1048 4135 1193 4196; x_wconf 68' lang='lat' dir='ltr'><strong>octogena·</strong></span> 
     </span>
     <span class='ocr_line' id='line_1_39' title="bbox 104 4221 1195 4304; baseline 0 -28"><span class='ocrx_word' id='word_1_322' title='bbox 104 4224 145 4276; x_wconf 89' lang='lat' dir='ltr'><strong>ria</strong></span> <span class='ocrx_word' id='word_1_323' title='bbox 169 4231 259 4281; x_wconf 87' lang='lat' dir='ltr'><strong>aetate</strong></span> <span class='ocrx_word' id='word_1_324' title='bbox 285 4241 378 4304; x_wconf 23' lang='lat' dir='ltr'><strong>quaml</strong></span> <span class='ocrx_word' id='word_1_325' title='bbox 391 4223 503 4300; x_wconf 70' lang='lat' dir='ltr'><strong>Gorgias</strong></span> <span class='ocrx_word' id='word_1_326' title='bbox 528 4223 674 4280; x_wconf 80' lang='lat' dir='ltr'><strong>Leontinus</strong></span> <span class='ocrx_word' id='word_1_327' title='bbox 701 4224 876 4301; x_wconf 85' lang='lat' dir='ltr'><strong>temperantia</strong></span> <span class='ocrx_word' id='word_1_328' title='bbox 901 4241 949 4280; x_wconf 88' lang='lat' dir='ltr'><strong>sua</strong></span> <span class='ocrx_word' id='word_1_329' title='bbox 975 4223 1087 4294; x_wconf 85' lang='lat' dir='ltr'><strong>adeptus</strong></span> <span class='ocrx_word' id='word_1_330' title='bbox 1111 4221 1195 4304; x_wconf 79' lang='lat' dir='ltr'><strong>&#39;inerit</strong></span> 
     </span>
     <span class='ocr_line' id='line_1_40' title="bbox 107 4315 1192 4395; baseline -0.002 -25"><span class='ocrx_word' id='word_1_331' title='bbox 107 4315 188 4371; x_wconf 80' lang='lat' dir='ltr'><strong>rerba</strong></span> <span class='ocrx_word' id='word_1_332' title='bbox 206 4318 273 4374; x_wconf 85' lang='lat' dir='ltr'><strong>lacit</strong></span> <span class='ocrx_word' id='word_1_333' title='bbox 289 4326 316 4373; x_wconf 89' lang='lat' dir='ltr'><strong>et</strong></span> <span class='ocrx_word' id='word_1_334' title='bbox 333 4317 405 4388; x_wconf 79' lang='lat' dir='ltr'><strong>quod</strong></span> <span class='ocrx_word' id='word_1_335' title='bbox 423 4317 457 4372; x_wconf 87' lang='lat' dir='ltr'><strong>de</strong></span> <span class='ocrx_word' id='word_1_336' title='bbox 470 4317 687 4395; x_wconf 64' lang='grc' dir='ltr'><em>κοσμοσανδάλοις</em></span> <span class='ocrx_word' id='word_1_337' title='bbox 698 4337 714 4372; x_wconf 84' lang='lat' dir='ltr'><strong>a</strong></span> <span class='ocrx_word' id='word_1_338' title='bbox 726 4317 943 4373; x_wconf 84' lang='lat' dir='ltr'><strong>Lacedaemoniis</strong></span> <span class='ocrx_word' id='word_1_339' title='bbox 955 4317 1068 4387; x_wconf 84' lang='lat' dir='ltr'><strong>receptis</strong></span> <span class='ocrx_word' id='word_1_340' title='bbox 1080 4317 1192 4381; x_wconf 85' lang='lat' dir='ltr'><strong>disserit,</strong></span> 
     </span>
    </p>
   </div>
   <div class='ocr_carea' id='block_1_9' title="bbox 932 4403 994 4486">
    <p class='ocr_par' dir='ltr' id='par_1_11' title="bbox 932 4403 994 4486">
     <span class='ocr_line' id='line_1_41' title="bbox 932 4403 994 4486; baseline 0 -37"><span class='ocrx_word' id='word_1_341' title='bbox 932 4403 994 4486; x_wconf 60' lang='lat' dir='ltr'><strong>lp*</strong></span> 
     </span>
    </p>
   </div>
   <div class='ocr_carea' id='block_1_10' title="bbox 0 0 1379 4726">
    <p class='ocr_par' dir='ltr' id='par_1_12' title="bbox 0 0 1379 4726">
     <span class='ocr_line' id='line_1_42' title="bbox 0 0 1379 4726; baseline 0 0"><span class='ocrx_word' id='word_1_342' title='bbox 0 0 1379 4726; x_wconf 95' lang='lat' dir='ltr'><strong> </strong></span> 
     </span>
    </p>
   </div>
  </div>
 </body>
</html>
