2720 4724
474 311 478 318 ·
529 319 627 336 --·-
676 289 729 377 ot
778 321 874 337 -·—-
951 402 954 411 Ι
1029 249 1032 263 ’

155 477 206 569 4)
223 496 306 566 ussa
326 482 368 547 ds
388 488 463 558 arto
482 483 670 566 portionum
689 486 723 550 ia
750 484 921 561 matus,
948 481 1151 567 *culmini
1174 501 1249 556 m

156 591 321 675 proverbi!
341 591 570 674 explicatione,
590 593 762 656 memorias
783 589 934 674 prodidit.
956 588 1008 672 ²⁸)

125 744 127 748 ⁷
157 745 159 750 ·
190 793 194 804 ,
238 723 291 788 lli.
326 723 408 788 Loci
436 703 491 806 qui
519 717 596 806 Βίῳ
626 723 828 788 adscribendi
857 707 927 788 ease
955 721 1111 786 videntur.
1162 724 1249 806 Quos

155 831 279 895 edomat
299 849 361 912 per
379 849 415 894 sc
436 831 476 894 ad
496 832 558 894 slis
586 851 713 914 qnoque
733 835 921 898 Dicaearchi
948 852 1048 914 opera
1075 833 1149 916 pari
1169 833 1248 916 iura

153 933 293 1016 celcias,
331 940 371 1002 ad
392 934 479 1004 Biov
499 946 603 1003 tamen
621 949 782 1024 spectasse
803 961 872 1004 eam
893 944 1089 1025 potissimum
1111 941 1151 1004 als
1173 959 1249 1004 aaa·

155 1065 220 1112 um
233 1049 406 1125 statuerim,
428 1047 512 1129 quod
527 1049 714 1113 Dicaearchi
733 1055 815 1132 opus
835 1069 898 1113 non
919 1051 1097 1114 nominatur
1116 1042 1248 1120 athaa

154 1156 292 1219 omnium
325 1155 511 1219 Dicaearchi
545 1177 679 1241 operum
716 1160 1016 1239 praestantissimum
1050 1157 1249 1237 maximeque

154 1243 264 1328 notum
290 1263 359 1326 sine
387 1263 483 1327 dnbio
510 1263 580 1328 tuit.
627 1245 677 1330 Illi
703 1287 778 1330 vero
808 1273 897 1330 sunt:
934 1265 978 1350 l)
1001 1286 1063 1348 quo
1093 1271 1127 1328 et
1150 1263 1248 1328 diram

154 1371 296 1456 Agesilai
317 1379 350 1436 et
370 1379 501 1436 matrem
522 1375 759 1458 Epaminondae
779 1379 920 1460 ignorari
940 1377 1078 1455 monuit,
1091 1373 1145 1458 ²²)
1165 1389 1248 1456 qnae

153 1479 268 1542 relatio
288 1479 430 1544 invasio
457 1485 682 1546 sententiarum
710 1503 858 1564 connexu⁸
878 1485 1021 1566 prolerrl
1050 1483 1172 1564 potnit,
1208 1495 1249 1560 ex

153 1591 245 1649 acuta
266 1593 370 1651 sutem
390 1587 504 1652 Nselii
524 1591 704 1672 suspicione
724 1592 872 1672 inprimis
900 1593 934 1654 in
955 1611 994 1653 eo
1015 1575 1155 1652 exhibita
1176 1605 1248 1650 esse

152 1695 311 1774 ststultnr,
332 1683 450 1758 nhl'de
471 1694 695 1761 historicorum
715 1698 967 1779 testimoniorum
989 1696 1136 1760 exilitate«
1150 1695 1250 1758 uerita

152 1802 238 1867 iacta
256 1803 384 1867 inerint
425 1799 471 1888 2)
495 1806 549 1886 qui
569 1803 743 1866 Echemnm
773 1810 807 1866 et
833 1805 1013 1869 Marathum
1040 1801 1251 1885 Tyndaridas,

153 1911 366 1992 qni-Atticam
392 1899 592 1988 invasissent,
628 1909 784 1992 adjuvisse
812 1915 848 1972 et
876 1909 914 1972 alr
936 1908 1077 1971 Echemo
1098 1909 1249 1974 Echede—

151 2009 246 2080 mlam
267 2020 333 2081 sive
353 2023 484 2100 postero
505 2023 651 2097 tempore
672 2016 891 2094 Academiam,
925 2015 1110 2100 aMaratlao
1132 2026 1249 2098 autem,

152 2117 208 2208 qul
228 2131 302 2188 ante
322 2125 480 2208 proelium
500 2139 535 2185 se
555 2124 627 2204 ipsa
647 2143 702 2185 sua
723 2129 836 2203 sponte
857 2123 1064 2203 immolasset,
1083 2125 1249 2189 Maratho-

114 2255 116 2264 ·
150 2251 224 2296 nem
245 2249 360 2315 pagum
381 2209 648 2292 nomen¹traxisse
667 2229 780 2291 refert.
794 2225 847 2313 ²⁸)
886 2228 933 2315 d)
953 2231 1009 2292 uhi
1036 2229 1077 2292 de
1098 2233 1248 2298 Herculia

89 2389 91 2394 ⁴
130 2341 254 2425 ‚ssim
275 2341 450 2403 diffluitur·
464 2330 514 2428 ²⁹)
545 2334 591 2424 4)
614 2357 677 2418 quo
691 2337 802 2423 vfahula
824 2336 865 2398 de
878 2328 1007 2400 'l’iresia'
1024 2345 1178 2402 narratur.
1192 2335 1246 2424 ³⁰)
1356 2325 1357 2328 ’

58 2517 60 2522 ,
150 2449 196 2530 h)
219 2450 273 2530 qui
301 2431 544 2529 mythologicam
573 2447 649 2508 item
675 2437 887 2508 narrationem
916 2445 958 2508 de
978 2447 1089 2510 Theha
1116 2446 1246 2512 condita

151 2558 301 2621 continet.
314 2549 366 2642 ³¹)
406 2551 453 2639 c)
474 2540 765 2635 uhi‘geogrsphlca
790 2552 834 2613 da
864 2553 992 2615 oraouio
1020 2555 1053 2616 in
1075 2554 1169 2616 lilida
1189 2573 1245 2618 aa·

151 2665 269 2747 positio
289 2663 464 2745 profertur.
478 2657 530 2748 ⁸²)
571 2655 615 2748 7)
643 2662 697 2741 qui
722 2659 976 2741 philosophicam
996 2660 1246 2743 historicsmqne

151 2755 312 2836 notionum
344 2762 481 2853 πάτρα,
518 2763 678 2852 precepta
697 2767 742 2829 'et
768 2754 862 2852 φυλή
881 2766 1121 2832 illustrationem
1142 2771 1245 2834 couti·

151 2879 231 2990 uult.
247 2869 297 2971 ³³)

219 3045 249 3116 1)
265 3047 325 3104 Hoc
341 3044 425 3114 iuras.
439 3059 507 3116 opus
524 3059 573 3116 pra
585 3029 764 3114 geo‘graplrico
779 3040 936 3114 neutiquam
952 3041 1178 3102 considerandum
1190 3051 1245 3116 est,

149 3156 205 3218 qus
222 3139 328 3196 ratione
349 3141 405 3208 ianr
429 3137 582 3210 Stephanus
607 3135 681 3206 quod
697 3135 735 3188 in
752 3141 822 3194 Βίου
846 3135 1013 3204 fragmento,
1045 3134 1120 3209 quod
1141 3136 1246 3210 primus

150 3235 255 3298 edidit,
283 3234 365 3286 muita
383 3232 561 3306 reperirentur
577 3229 611 3284 de
628 3229 728 3302 quibus
745 3230 828 3284 ceteri
846 3228 992 3300 geographi
1009 3247 1066 3283 non
1084 3229 1247 3286 dissererent

140 3329 214 3384 ¹iude
231 3327 331 3382 iactum
349 3343 406 3380 esse
424 3325 571 3382 rectissime
588 3321 736 3387 adnotavit,
758 3321 830 3394 qood
849 3321 1009 3376 Dicaearchi
1025 3339 1157 3377 summum
1174 3341 1247 3379 oon·

149 3421 237 3478 'silium
255 3421 346 3475 luisset
364 3420 527 3494 populorum
544 3435 630 3473 mores
647 3425 675 3472 et
691 3418 814 3471 instituta
838 3415 988 3482 tractandi,
1019 3417 1187 3473 comicorum
1210 3425 1245 3473 nt

150 3515 255 3572 addidit
272 3511 392 3570 versibus
407 3507 542 3568 immixtis.
578 3511 732 3568 llolstenios
751 3523 859 3584 quoque
874 3507 1011 3582 aptissime
1027 3510 1070 3565 his
1087 3510 1177 3568 rechin
1193 3527 1244 3566 sa·

117 3607 119 3615 ’
149 3611 248 3686 plicuit
272 3607 327 3674 „de
344 3605 419 3664 vieta
436 3615 517 3678 atqua
535 3605 608 3660 cultu
627 3607 807 3671 Graecorum,
832 3601 859 3658 lu.
877 3621 899 3660 e
919 3603 954 3658 ds
970 3603 1065 3677 primis
1079 3605 1137 3676 qus
1154 3606 1244 3676 uentis

149 3703 353 3770 conditoribus,
371 3700 406 3754 de
422 3699 534 3773 antiquas
550 3698 659 3756 risendi
675 3700 789 3766 ratione,
809 3697 843 3754 da
859 3697 992 3766 moribus,
1012 3699 1158 3765 institutis,
1173 3701 1244 3772 legis

150 3799 201 3856 hus
219 3797 372 3870 ritibusque
387 3811 442 3868 qus
458 3791 576 3868 puhlicis
592 3811 646 3868 qua
661 3793 795 3868 privatia“
812 3801 841 3848 et
854 3793 964 3850 Vossius
982 3794 1016 3850 da
1030 3793 1092 3852 hut
1106 3795 1154 3851 Gr.
1168 3795 1242 3870 pie

150 3901 243 3948 nostro
260 3891 360 3964 dsBip
375 3890 415 3944 ita
431 3889 567 3946 enuntiat:
585 3888 689 3955 „libros
706 3896 770 3955 tres,
789 3888 818 3942 in
836 3888 934 3961 quibus
952 3889 1006 3958 egit
1022 3889 1057 3943 de
1074 3890 1241 3959 singulorum

99 3977 101 3983 ’
150 3989 311 4063 populorum
328 3993 357 4040 et
372 3985 523 4062 civitatium
540 3983 658 4038 moribus
680 3981 807 4056 vitaeque
831 3983 975 4050 institutis,
1006 4001 1074 4058 quae
1096 3999 1176 4040 causa
1198 3989 1241 4038 cat

151 4099 200 4138 cur
226 4099 272 4137 eos
298 4076 464 4153 inscripserit
485 4082 544 4154 capi
566 4075 614 4135 τοῦ
638 4078 686 4148 τῆς
707 4074 831 4144 Ἑλλάδος
853 4081 943 4150 stow
974 4079 1037 4147 Qua
1056 4077 1192 4132 tamenin
1210 4095 1239 4134 re

151 4174 335 4253 ¹adnotandum
353 4181 408 4238 est,
434 4171 579 4241 genuinum
595 4171 682 4242 operis
699 4171 806 4224 titulum
823 4172 881 4226 sine
900 4170 982 4226 dubio
1000 4169 1108 4227 hreviur
1126 4187 1239 4243 compo·

119 4253 125 4264 ’
151 4271 232 4326 urum
255 4269 336 4326 susac
361 4274 414 4336 aaa
434 4267 482 4342 τῆς
500 4263 637 4334 ‘sturae
670 4265 878 4323 denticulum
895 4266 953 4330 ,eru
971 4265 1024 4339 ipo
1041 4265 1236 4328 coenosae,
