2728 4726
188 509 340 572 Aristotelis
356 509 391 566 de
408 509 498 564 anima
514 507 602 576 libro,
629 510 676 582 qui
693 509 724 565 in
740 508 956 581 Plutarchiloco
974 510 1056 567 modo
1074 511 1207 588 exoenptc
1224 529 1283 572 nse·

189 619 307 668 moratus
329 615 387 674 cst,
413 606 512 680 duplex
536 607 630 661 titulus
655 605 724 674 fuit,
748 606 822 678 qnod
848 605 957 680 quidem
980 608 1011 678 in
1033 608 1155 680 plurimis
1172 625 1283 684 qnoque

188 703 309 761 Platonis
327 701 439 771 dialogis
457 702 599 756 observare
616 700 681 754 licet
699 702 733 756 of.
751 701 888 756 Plutarch.
899 719 978 780 ¹cosas.
998 701 1034 754 ad
1045 695 1282 776 Apollodlieisk.

188 798 282 864 cvl,
301 798 362 854 438.
385 796 465 855 τοῦτο
487 801 519 854 δέ
540 817 617 870 φησιν
629 791 809 872 Ἀριστοτέλης
835 800 881 852 eol
896 794 943 853 cdv
958 797 1081 869 Σειληνὸν
1098 801 1283 871 σνλληφθέπα

188 891 225 966 aq}
234 895 313 964 Μίδᾳ
328 887 533 966 implorans.
550 893 652 962 βέλτιον
668 885 695 947 d'
716 886 799 955 dissic
816 889 864 956 τὰς
880 889 928 947 τοῦ
946 889 1091 965 φιλοσόφου
1108 893 1183 956 λέξεις
1194 914 1283 968 napa-

186 992 310 1045 arcas.
334 989 397 1060 φησὶ
413 989 442 1044 tt
457 991 485 1041 la
500 983 537 1056 τῷ
554 980 667 1057 Εὖδῆμῳ
683 989 876 1058 ἐπιγραφομένῳ
892 981 911 1054 ἢ
929 988 987 1058 περὶ
1003 983 1091 1058 ψυχῆς
1109 989 1199 1042 sanct·
1217 982 1283 1042 'dsci-

187 1092 235 1160 mp
251 1107 276 1138 n.
292 1103 317 1139 v.
335 1085 359 1136 λ.
377 1077 454 1145 Diog-
472 1077 559 1130 hadri.
576 1077 613 1142 V,
634 1083 664 1143 1,
683 1081 727 1137 22.
824 1073 827 1080 ⁵

101 1186 104 1190 ·
141 1183 142 1190 ’
257 1175 287 1244 3)
306 1173 366 1228 lice
382 1172 412 1224 in
429 1169 535 1237 dialogo
553 1168 703 1246 principem
720 1185 875 1241 personam,
895 1169 940 1224 cai
953 1169 1114 1226 Dicaearchi
1132 1171 1282 1226 sententias
1339 1173 1342 1179 '

84 1261 89 1268 ⁸
188 1269 400 1340 subjicerentur,
426 1283 517 1320 senem
535 1263 671 1340 quendam
689 1263 863 1330 Phthiotam,
887 1266 1065 1320 Deucalionis
1081 1265 1237 1340 progeniem
1253 1273 1283 1320 et

188 1364 300 1422 nornine
326 1362 513 1418 Pherecratem
536 1360 616 1420 luisse
641 1359 671 1412 in
699 1353 836 1414 Ciceronis
861 1359 924 1413 loco
949 1359 1019 1414 inira
1044 1360 1180 1415 afferendo
1204 1360 1283 1418 vide·

221 1478 247 1514 na
267 1480 288 1515 s.

191 1461 220 1516 Β,
250 1481 288 1627 ud)
306 1553 389 1630 Quod
406 1554 440 1610 de
458 1511 572 1626 utroqne
590 1521 696 1620 dialogo
715 1568 731 1604 a
748 1545 881 1607 Cicerone
898 1549 1002 1605 disertis
1025 1550 1114 1606 verbio
1131 1550 1283 1606 indicatum

189 1657 247 1716 est,
270 1667 304 1704 ex
329 1666 415 1722 eaque
440 1647 498 1702 sola
520 1665 563 1713 re,
592 1644 667 1719 quod
689 1645 762 1720 apud
780 1645 939 1701 Ciceronem
960 1663 1003 1717 ep.
1022 1646 1057 1698 ad
1074 1648 1128 1700 Διὶ.
1147 1647 1228 1711 Xlll,
1246 1649 1294 1724 32Ι
1354 1649 1355 1652 ’

82 1747 85 1752 '
187 1743 298 1820 pluralis
329 1757 464 1814 utrosque
495 1749 652 1812 usurpatur,
685 1741 861 1812 repetendum
890 1749 938 1795 est.
991 1739 1057 1794 Tres
1085 1748 1174 1794 autem
1200 1739 1281 1806 libri,
1355 1761 1356 1764 ¹

191 1855 257 1911 quos
275 1835 371 1892 Cicero
389 1855 423 1890 co
441 1836 502 1890 loco
520 1853 547 1888 se
565 1830 679 1888 maxims
697 1851 772 1888 nunc
788 1835 859 1888 nelle
871 1833 1020 1906 profitetur,
1039 1833 1208 1900 intelligendi
1219 1841 1283 1889 sunt

191 1931 246 1987 dno
263 1937 322 2008 περὶ
338 1929 426 2006 ψυχῆς
444 1929 542 1997 dialogi
559 1937 587 1982 et
603 1932 662 2005 sapt
677 1925 726 2001 τῆς
743 1933 779 1994 εἰς
800 1934 951 2005 Τροφωνίου
966 1926 1130 2001 καταβάσεως
1146 1928 1224 1985 liber.

258 2027 288 2096 5)
314 2022 499 2078 Dicaearchus
530 2023 646 2074 animam
672 2028 788 2092 quatuor
813 2021 1006 2076 elementorum
1032 2022 1200 2078 harmoniam
1225 2040 1283 2080 esse

189 2120 330 2175 declarans
348 2135 380 2170 es
397 2134 427 2170 rc
444 2115 514 2168 nihil
532 2115 605 2168 alind
622 2114 816 2182 significaturus
832 2115 914 2170 luisse
931 2117 1051 2182 videtur,
1070 2133 1151 2190 quam
1165 2116 1284 2188 singulas

189 2210 497 2288 animas-apparitiones
515 2210 625 2264 nonnisi
642 2226 674 2263 ex
692 2209 863 2274 accuratiori,
882 2227 962 2282 qoem
981 2211 1138 2270 constitutio
1152 2211 1282 2280 efficeret,

190 2303 309 2364 omnium
327 2307 447 2379 corporis
465 2305 581 2378 partium
599 2303 800 2359 elementarium
819 2319 950 2358 consensu
967 2305 1083 2377 prodire.
1131 2289 1207 2379 Quae
1226 2307 1285 2382 opi-

189 2401 237 2458 nio
256 2420 339 2477 quum
351 2399 501 2457 Aristotelis
520 2400 660 2456 doctrinae
678 2399 712 2452 de
730 2393 882 2452 entelechia
901 2415 981 2468 quam
994 2397 1063 2453 dixit
1075 2400 1283 2466 constitutorum

105 2489 110 2495 ⁶
191 2489 351 2570 corporum,
371 2505 427 2550 tum
445 2492 599 2548 Aristoxeni·
615 2487 767 2546 sententiae
785 2493 935 2564 comparari
951 2499 1049 2563 potest.
1074 2495 1284 2552 Tennemannns

192 2591 255 2646 hist.
266 2591 339 2664 phil.
356 2599 376 2643 t.
395 2591 451 2651 111,
470 2607 497 2658 p.
516 2589 570 2646 ³³6
581 2651 582 2654 Ἴ
595 2584 754 2640 Dicaearchi
779 2585 939 2638 sententiam
950 2587 992 2669 'ah
1010 2587 1160 2642 Aristotelis
1184 2593 1285 2646 entele-

192 2687 255 2744 chia
273 2701 305 2738 eo
323 2681 428 2735 differre
446 2679 554 2744 statuit,
575 2673 648 2750 quod
665 2679 711 2732 hic
729 2695 836 2734 ornnem
854 2681 991 2747 cogitandi
1008 2689 1035 2736 et
1052 2683 1186 2738 sentiendi
1204 2688 1286 2740 ratic·

191 2799 255 2838 nem
278 2796 311 2832 ex
334 2775 461 2844 singulari
484 2774 634 2828 substantia
651 2781 801 2846 repeteret,
828 2790 899 2846 quae
916 2773 1020 2854 homini
1037 2779 1200 2834 extrinsecus
1218 2795 1287 2835 con·

115 2887 124 2902 ·
191 2877 355 2945 jungeretur.
382 2872 508 2924 Celerum
525 2885 587 2923 eum
605 2868 700 2922 eodern
717 2869 776 2923 viro
794 2867 948 2922 doctissimo
967 2869 1088 2924 dubitare
1103 2850 1178 2938 licet,
1198 2883 1287 2930 utrum

194 2965 376 3024 Dicaearchus
394 2964 510 3018 animam
528 2959 653 3039 cipparius
669 2963 720 3020 uois·
736 2961 1012 3043 senodpnsorosgatus
1028 2981 1189 3040 nuncupans
1203 2971 1289 3026 animi

193 3063 263 3121 uires
288 3075 432 3131 earumque
458 3057 642 3129 apparitiones
667 3073 700 3110 ex
721 3056 778 3109 sola
801 3057 1003 3127 compositionis
1021 3058 1142 3126 ratione,
1170 3079 1240 3135 qnae
1257 3064 1289 3118 in

194 3154 355 3222 corporibus·
370 3153 495 3206 animatis
513 3149 649 3212 obtineat,
668 3165 703 3202 an
720 3167 777 3202 non
793 3149 882 3222 potins
899 3167 932 3203 ex
949 3147 1075 3218 singulari
1093 3157 1120 3210 ri
1133 3156 1210 3212 vitali
1225 3173 1290 3212 cor.

185 3267 262 3324 ..pora
278 3255 465 3302 commovente
483 3241 634 3316 repetierit,
653 3241 774 3314 inprimis
792 3261 875 3316 quum
892 3243 964 3318 apud
981 3247 1154 3304 Plutarchum
1165 3251 1289 3324 proles..

193 3350 239 3398 tur
255 3345 333 3400 orlon
350 3344 381 3398 dl
395 3363 464 3406 τινος
479 3343 594 3412 μετέχειν
610 3333 706 3411 oticsis.
729 3329 786 3391 ilos
804 3344 891 3391 autem
908 3345 1030 3420 veterum
1039 3340 1199 3415 scriptorum
1211 3345 1291 3404 locos

195 3453 294 3514 quaeso
312 3420 444 3488 donleras.
479 3431 535 3485 Cic.
554 3427 721 3486 academico.
742 3430 800 3497 IV,
817 3431 854 3488 40
879 3429 953 3498 „Sed
970 3433 1051 3489 redeo
1070 3435 1106 3488 ad
1123 3437 1242 3494 animum
1261 3453 1293 3498 et

186 3549 302 3604 ,corpna
338 3528 444 3583 Satisne
460 3525 572 3581 tandem
590 3543 623 3580 ea
640 3533 705 3582 nota
722 3533 785 3594 sunt
807 3526 904 3592 nohis,
928 3545 998 3602 quae
1023 3547 1166 3587 nervorum
1192 3541 1293 3590 natura

196 3627 250 3696 sit,
265 3641 335 3700 quae
352 3620 501 3680 venarum?
518 3621 674 3692 te'nernnsne
690 3619 756 3696 quid
770 3622 879 3676 animus
886 3623 940 3678 siti
957 3623 1006 3678 uhi
1017 3624 1071 3682 siti
1088 3625 1206 3700 denique
1219 3629 1294 3685 sitne
1343 3667 1344 3691 ,

195 3729 259 3788 ant,
285 3727 316 3775 nt
332 3715 499 3773 Dicaearcho
517 3716 602 3772 visum
619 3708 676 3780 est,
699 3733 735 3770 ne
752 3715 788 3772 sit
803 3715 914 3791 quidem
935 3717 1045 3772 ullusi“
1071 3720 1189 3793 Disputt.
1207 3721 1293 3780 Tusc.
1317 3775 1319 3783 .
1342 3789 1343 3803 J

196 3817 227 3881 1,
247 3819 280 3872 tt
307 3811 447 3886 „quidde
464 3811 633 3867 Dicaearcho
651 3793 757 3876 dicam,
781 3812 827 3886 qui
850 3812 921 3866 nihil
941 3815 1054 3869 omnino
1078 3815 1197 3870 animum
1215 3815 1296 3877 diest
1341 3875 1342 3878 Ἴ

197 3908 295 3964 essci“
315 3924 339 3963 c.
359 3913 395 3968 18
410 3904 629 3974 „Dicaearchum
646 3923 712 3962 sero
731 3923 792 3961 cum
810 3906 985 3974 Aristoxeno,
1012 3907 1119 3980 aequali
1136 3915 1164 3962 et
1181 3907 1295 3964 condis·

198 4003 290 4076 cipulo
308 4019 377 4065 suo,
392 4001 487 4057 doctus
505 4017 569 4054 sane
587 3999 725 4066 homines,
753 4001 926 4076 omittamus,
953 4019 1065 4074 quorum
1084 4002 1153 4057 allter
1169 4017 1204 4058 ne
1222 4017 1295 4056 con·
1339 3985 1341 4078 J

132 4153 134 4158 ,
198 4096 315 4150 doluisse
333 4095 445 4170 quidem
462 4109 579 4167 unquam
597 4092 718 4157 ridetur,
737 4094 786 4166 qui
804 4094 920 4146 animum
937 4112 966 4148 ss
983 4093 1157 4163 haherenon
1175 4095 1295 4156 sentiats
1338 4083 1340 4137 i

196 4191 265 4248 alter
281 4189 321 4246 ite
337 4190 487 4248 delectatur
504 4187 557 4243 suis
575 4187 714 4256 cantibus,
734 4195 828 4242 utens
845 4189 926 4242 etiam
943 4187 978 4241 sd
996 4188 1063 4245 haec
1080 4189 1224 4244 transferre
1242 4205 1295 4246 eo·
1337 4171 1339 4258 i

197 4291 310 4349 netur.“,
326 4283 545 4370 ¹„Dicaearchus
570 4281 678 4355 quidem
703 4284 740 4354 (c.
759 4284 806 4354 22)
831 4291 860 4340 et
877 4283 1065 4352 Aristoxenus,
1090 4283 1153 4357 qus
1171 4283 1295 4341 difficilis
1336 4261 1338 4359 J

1328 4587 1335 4699 a
