<?xml version="1.0" encoding="UTF-8"?>
<!DOCTYPE html PUBLIC "-//W3C//DTD XHTML 1.0 Transitional//EN"
    "http://www.w3.org/TR/xhtml1/DTD/xhtml1-transitional.dtd">
<html xmlns="http://www.w3.org/1999/xhtml" xml:lang="en" lang="en">
 <head>
  <title>
</title>
<meta http-equiv="Content-Type" content="text/html;charset=utf-8" />
  <meta name='ocr-system' content='tesseract 3.04.00' />
  <meta name='ocr-capabilities' content='ocr_page ocr_carea ocr_par ocr_line ocrx_word'/>
</head>
<body>
  <div class='ocr_page' id='page_1' title='image "./dicaearchimesse00fuhrgoog_0041.png"; bbox 0 0 2728 4726; ppageno 0'>
   <div class='ocr_carea' id='block_1_1' title="bbox 246 1103 874 1238">
    <p class='ocr_par' dir='ltr' id='par_1_1' title="bbox 246 1103 1029 1238">
     <span class='ocr_line' id='line_1_1' title="bbox 246 1103 874 1238; baseline -0.01 -38"><span class='ocrx_word' id='word_1_1' title='bbox 246 1123 272 1208; x_wconf 66' lang='lat' dir='ltr'><strong>J</strong></span> <span class='ocrx_word' id='word_1_2' title='bbox 345 1105 347 1110; x_wconf 30' lang='lat'>⁸</span> <span class='ocrx_word' id='word_1_3' title='bbox 432 1227 434 1238; x_wconf 33' lang='grc' dir='ltr'>Ι</span> <span class='ocrx_word' id='word_1_4' title='bbox 501 1103 640 1227; x_wconf 77' lang='lat' dir='ltr'><strong>Caput</strong></span> <span class='ocrx_word' id='word_1_5' title='bbox 667 1116 874 1228; x_wconf 80' lang='lat' dir='ltr'><strong>qccintum.</strong></span> 
     </span>
    </p>
   </div>
   <div class='ocr_carea' id='block_1_2' title="bbox 181 1283 1189 1474">
    <p class='ocr_par' dir='ltr' id='par_1_2' title="bbox 181 1283 1189 1474">
     <span class='ocr_line' id='line_1_2' title="bbox 181 1283 1189 1390; baseline -0.01 -21"><span class='ocrx_word' id='word_1_6' title='bbox 181 1283 419 1390; x_wconf 73' lang='lat' dir='ltr'><strong>Dicaearchi</strong></span> <span class='ocrx_word' id='word_1_7' title='bbox 443 1309 591 1379; x_wconf 79' lang='lat' dir='ltr'><strong>scripta</strong></span> <span class='ocrx_word' id='word_1_8' title='bbox 614 1321 717 1390; x_wconf 78' lang='lat' dir='ltr'><strong>quac</strong></span> <span class='ocrx_word' id='word_1_9' title='bbox 740 1309 791 1364; x_wconf 80' lang='lat' dir='ltr'><strong>ad</strong></span> <span class='ocrx_word' id='word_1_10' title='bbox 816 1305 973 1364; x_wconf 83' lang='lat' dir='ltr'><strong>civilem</strong></span> <span class='ocrx_word' id='word_1_11' title='bbox 998 1305 1189 1362; x_wconf 79' lang='lat' dir='ltr'><strong>rationem</strong></span> 
     </span>
     <span class='ocr_line' id='line_1_3' title="bbox 533 1404 827 1474; baseline -0.007 -14"><span class='ocrx_word' id='word_1_12' title='bbox 533 1404 827 1474; x_wconf 50' lang='lat' dir='ltr'><strong>¹perflnuorunt.</strong></span> 
     </span>
    </p>
   </div>
   <div class='ocr_carea' id='block_1_3' title="bbox 613 1593 760 1608">
    <p class='ocr_par' dir='ltr' id='par_1_3' title="bbox 613 1593 760 1608">
     <span class='ocr_line' id='line_1_4' title="bbox 613 1593 760 1608; baseline 0 -2"><span class='ocrx_word' id='word_1_13' title='bbox 613 1593 760 1608; x_wconf 52' lang='lat' dir='ltr'><em>m</em></span> 
     </span>
    </p>
   </div>
   <div class='ocr_carea' id='block_1_4' title="bbox 29 1726 1352 4308">
    <p class='ocr_par' dir='ltr' id='par_1_4' title="bbox 142 1726 1233 1826">
     <span class='ocr_line' id='line_1_5' title="bbox 142 1726 1233 1826; baseline -0.007 -14"><span class='ocrx_word' id='word_1_14' title='bbox 142 1726 335 1812; x_wconf 72' lang='lat' dir='ltr'><strong>Secundum</strong></span> <span class='ocrx_word' id='word_1_15' title='bbox 357 1743 474 1822; x_wconf 80' lang='lat' dir='ltr'><strong>Soidae</strong></span> <span class='ocrx_word' id='word_1_16' title='bbox 492 1745 596 1807; x_wconf 89' lang='lat' dir='ltr'><strong>locum</strong></span> <span class='ocrx_word' id='word_1_17' title='bbox 613 1745 680 1826; x_wconf 83' lang='lat' dir='ltr'><strong>jam</strong></span> <span class='ocrx_word' id='word_1_18' title='bbox 700 1745 826 1825; x_wconf 84' lang='lat' dir='ltr'><strong>saepius</strong></span> <span class='ocrx_word' id='word_1_19' title='bbox 853 1743 1019 1824; x_wconf 86' lang='lat' dir='ltr'><strong>allegatum</strong></span> <span class='ocrx_word' id='word_1_20' title='bbox 1040 1741 1120 1804; x_wconf 85' lang='lat' dir='ltr'><strong>nihil</strong></span> <span class='ocrx_word' id='word_1_21' title='bbox 1139 1741 1233 1822; x_wconf 86' lang='lat' dir='ltr'><strong>plane</strong></span> 
     </span>
    </p>

    <p class='ocr_par' dir='ltr' id='par_1_5' title="bbox 87 1846 1233 1932">
     <span class='ocr_line' id='line_1_6' title="bbox 87 1846 1233 1932; baseline -0.003 -19"><span class='ocrx_word' id='word_1_22' title='bbox 87 1846 95 1862; x_wconf 74' lang='lat'><strong>⁹</strong></span> <span class='ocrx_word' id='word_1_23' title='bbox 136 1851 345 1914; x_wconf 85' lang='lat' dir='ltr'><strong>dubitationis</strong></span> <span class='ocrx_word' id='word_1_24' title='bbox 363 1853 485 1930; x_wconf 87' lang='lat' dir='ltr'><strong>hahet,</strong></span> <span class='ocrx_word' id='word_1_25' title='bbox 518 1855 592 1932; x_wconf 86' lang='lat' dir='ltr'><strong>quin</strong></span> <span class='ocrx_word' id='word_1_26' title='bbox 622 1853 832 1922; x_wconf 72' lang='lat' dir='ltr'><strong>Dicaearchus</strong></span> <span class='ocrx_word' id='word_1_27' title='bbox 860 1853 1018 1912; x_wconf 88' lang='lat' dir='ltr'><strong>civitatem</strong></span> <span class='ocrx_word' id='word_1_28' title='bbox 1048 1851 1233 1929; x_wconf 85' lang='lat' dir='ltr'><strong>Spartanam</strong></span> 
     </span>
    </p>

    <p class='ocr_par' dir='ltr' id='par_1_6' title="bbox 141 1952 1234 2042">
     <span class='ocr_line' id='line_1_7' title="bbox 141 1952 1234 2042; baseline -0.001 -21"><span class='ocrx_word' id='word_1_29' title='bbox 141 1961 274 2042; x_wconf 80' lang='lat' dir='ltr'><strong>ejusque</strong></span> <span class='ocrx_word' id='word_1_30' title='bbox 295 1952 453 2021; x_wconf 88' lang='lat' dir='ltr'><strong>rationem</strong></span> <span class='ocrx_word' id='word_1_31' title='bbox 466 1967 554 2021; x_wconf 82' lang='lat' dir='ltr'><strong>tanta</strong></span> <span class='ocrx_word' id='word_1_32' title='bbox 582 1966 705 2024; x_wconf 43' lang='lat' dir='ltr'><strong>artevet</strong></span> <span class='ocrx_word' id='word_1_33' title='bbox 727 1963 843 2040; x_wconf 89' lang='lat' dir='ltr'><strong>peritia</strong></span> <span class='ocrx_word' id='word_1_34' title='bbox 865 1959 1088 2040; x_wconf 75' lang='lat' dir='ltr'><strong>descripserit,</strong></span> <span class='ocrx_word' id='word_1_35' title='bbox 1121 1965 1156 2020; x_wconf 90' lang='lat' dir='ltr'><strong>ut</strong></span> <span class='ocrx_word' id='word_1_36' title='bbox 1178 1961 1234 2038; x_wconf 86' lang='lat' dir='ltr'><strong>qui</strong></span> 
     </span>
    </p>

    <p class='ocr_par' dir='ltr' id='par_1_7' title="bbox 136 2066 1249 2150">
     <span class='ocr_line' id='line_1_8' title="bbox 136 2066 1249 2150; baseline 0 -23"><span class='ocrx_word' id='word_1_37' title='bbox 136 2069 216 2128; x_wconf 76' lang='lat' dir='ltr'><strong>&#39;eam&#39;</strong></span> <span class='ocrx_word' id='word_1_38' title='bbox 232 2069 459 2150; x_wconf 78' lang='lat' dir='ltr'><strong>expositionem</strong></span> <span class='ocrx_word' id='word_1_39' title='bbox 489 2069 665 2147; x_wconf 86' lang='lat' dir='ltr'><strong>contineret</strong></span> <span class='ocrx_word' id='word_1_40' title='bbox 694 2066 820 2130; x_wconf 79' lang='lat' dir='ltr'><strong>libellus</strong></span> <span class='ocrx_word' id='word_1_41' title='bbox 845 2087 905 2148; x_wconf 89' lang='lat' dir='ltr'><strong>per</strong></span> <span class='ocrx_word' id='word_1_42' title='bbox 926 2067 1055 2127; x_wconf 82' lang='lat' dir='ltr'><strong>multum</strong></span> <span class='ocrx_word' id='word_1_43' title='bbox 1076 2067 1249 2146; x_wconf 74' lang='lat' dir='ltr'><strong>temporis</strong></span> 
     </span>
    </p>

    <p class='ocr_par' dir='ltr' id='par_1_8' title="bbox 140 2161 1233 2266">
     <span class='ocr_line' id='line_1_9' title="bbox 140 2161 1233 2266; baseline -0.003 -30"><span class='ocrx_word' id='word_1_44' title='bbox 140 2175 173 2236; x_wconf 92' lang='lat' dir='ltr'><strong>in</strong></span> <span class='ocrx_word' id='word_1_45' title='bbox 194 2176 263 2256; x_wconf 89' lang='lat' dir='ltr'><strong>ipsa</strong></span> <span class='ocrx_word' id='word_1_46' title='bbox 277 2161 411 2258; x_wconf 81' lang='lat' dir='ltr'><strong>Spartae</strong></span> <span class='ocrx_word' id='word_1_47' title='bbox 431 2177 511 2266; x_wconf 82' lang='lat' dir='ltr'><strong>urhe</strong></span> <span class='ocrx_word' id='word_1_48' title='bbox 532 2171 696 2259; x_wconf 77' lang='lat' dir='ltr'><strong>juvenibus</strong></span> <span class='ocrx_word' id='word_1_49' title='bbox 718 2175 846 2257; x_wconf 88' lang='lat' dir='ltr'><strong>publice</strong></span> <span class='ocrx_word' id='word_1_50' title='bbox 866 2170 1114 2259; x_wconf 63' lang='lat' dir='ltr'><strong>recitaretur.,¹)</strong></span> <span class='ocrx_word' id='word_1_51' title='bbox 1144 2173 1233 2234; x_wconf 88' lang='lat' dir='ltr'><strong>Haec</strong></span> 
     </span>
    </p>

    <p class='ocr_par' dir='ltr' id='par_1_9' title="bbox 142 2259 1234 2373">
     <span class='ocr_line' id='line_1_10' title="bbox 142 2259 1234 2373; baseline -0.001 -30"><span class='ocrx_word' id='word_1_52' title='bbox 142 2279 183 2343; x_wconf 91' lang='lat' dir='ltr'><strong>de</strong></span> <span class='ocrx_word' id='word_1_53' title='bbox 212 2271 400 2345; x_wconf 81' lang='lat' dir='ltr'><strong>recitatione</strong></span> <span class='ocrx_word' id='word_1_54' title='bbox 426 2259 540 2370; x_wconf 81' lang='lat' dir='ltr'><strong>notitia</strong></span> <span class='ocrx_word' id='word_1_55' title='bbox 568 2273 635 2346; x_wconf 78' lang='lat' dir='ltr'><strong>eam</strong></span> <span class='ocrx_word' id='word_1_56' title='bbox 667 2302 793 2373; x_wconf 83' lang='lat' dir='ltr'><strong>qnoque</strong></span> <span class='ocrx_word' id='word_1_57' title='bbox 820 2283 859 2343; x_wconf 90' lang='lat' dir='ltr'><strong>oh</strong></span> <span class='ocrx_word' id='word_1_58' title='bbox 889 2301 1012 2342; x_wconf 89' lang='lat' dir='ltr'><strong>causam</strong></span> <span class='ocrx_word' id='word_1_59' title='bbox 1040 2300 1234 2365; x_wconf 76' lang='lat' dir='ltr'><strong>magnopere</strong></span> 
     </span>
    </p>

    <p class='ocr_par' dir='ltr' id='par_1_10' title="bbox 139 2383 1235 2472">
     <span class='ocr_line' id='line_1_11' title="bbox 139 2383 1235 2472; baseline -0.002 -21"><span class='ocrx_word' id='word_1_60' title='bbox 139 2391 341 2470; x_wconf 82' lang='lat' dir='ltr'><strong>respicienda</strong></span> <span class='ocrx_word' id='word_1_61' title='bbox 362 2398 426 2468; x_wconf 89' lang='lat' dir='ltr'><strong>est,</strong></span> <span class='ocrx_word' id='word_1_62' title='bbox 453 2393 537 2472; x_wconf 90' lang='lat' dir='ltr'><strong>quod</strong></span> <span class='ocrx_word' id='word_1_63' title='bbox 567 2394 667 2472; x_wconf 88' lang='lat' dir='ltr'><strong>qualis</strong></span> <span class='ocrx_word' id='word_1_64' title='bbox 681 2391 794 2454; x_wconf 49' lang='lat' dir='ltr'><strong>¹fuerit</strong></span> <span class='ocrx_word' id='word_1_65' title='bbox 813 2392 894 2452; x_wconf 88' lang='lat' dir='ltr'><strong>liber</strong></span> <span class='ocrx_word' id='word_1_66' title='bbox 916 2389 999 2452; x_wconf 89' lang='lat' dir='ltr'><strong>haud</strong></span> <span class='ocrx_word' id='word_1_67' title='bbox 1021 2383 1165 2470; x_wconf 80' lang='lat' dir='ltr'><strong>ambigue</strong></span> <span class='ocrx_word' id='word_1_68' title='bbox 1185 2390 1235 2450; x_wconf 87' lang='lat' dir='ltr'><strong>in-</strong></span> 
     </span>
    </p>

    <p class='ocr_par' dir='ltr' id='par_1_11' title="bbox 142 2489 1235 2580">
     <span class='ocr_line' id='line_1_12' title="bbox 142 2489 1235 2580; baseline -0.001 -22"><span class='ocrx_word' id='word_1_69' title='bbox 142 2497 249 2559; x_wconf 84' lang='lat' dir='ltr'><strong>dicere</strong></span> <span class='ocrx_word' id='word_1_70' title='bbox 270 2497 427 2560; x_wconf 64' lang='lat' dir='ltr'><strong>videturc*</strong></span> <span class='ocrx_word' id='word_1_71' title='bbox 440 2489 523 2560; x_wconf 82' lang='lat' dir='ltr'><strong>liber</strong></span> <span class='ocrx_word' id='word_1_72' title='bbox 549 2501 631 2574; x_wconf 87' lang='lat' dir='ltr'><strong>eninr</strong></span> <span class='ocrx_word' id='word_1_73' title='bbox 661 2499 759 2580; x_wconf 87' lang='lat' dir='ltr'><strong>qualis</strong></span> <span class='ocrx_word' id='word_1_74' title='bbox 781 2499 943 2580; x_wconf 80' lang='lat' dir='ltr'><strong>Spartanis</strong></span> <span class='ocrx_word' id='word_1_75' title='bbox 966 2499 1129 2576; x_wconf 76' lang='lat' dir='ltr'><strong>quotannis</strong></span> <span class='ocrx_word' id='word_1_76' title='bbox 1150 2491 1235 2558; x_wconf 86' lang='lat' dir='ltr'><strong>reci·</strong></span> 
     </span>
    </p>

    <p class='ocr_par' dir='ltr' id='par_1_12' title="bbox 140 2603 1352 2798">
     <span class='ocr_line' id='line_1_13' title="bbox 140 2603 1234 2688; baseline 0 -22"><span class='ocrx_word' id='word_1_77' title='bbox 140 2610 263 2666; x_wconf 81' lang='lat' dir='ltr'><strong>teretur</strong></span> <span class='ocrx_word' id='word_1_78' title='bbox 290 2607 340 2668; x_wconf 86' lang='lat' dir='ltr'><strong>vix</strong></span> <span class='ocrx_word' id='word_1_79' title='bbox 368 2607 460 2668; x_wconf 87' lang='lat' dir='ltr'><strong>aliter</strong></span> <span class='ocrx_word' id='word_1_80' title='bbox 492 2615 689 2688; x_wconf 85' lang='lat' dir='ltr'><strong>comparatus¹</strong></span> <span class='ocrx_word' id='word_1_81' title='bbox 720 2626 789 2668; x_wconf 91' lang='lat' dir='ltr'><strong>esse</strong></span> <span class='ocrx_word' id='word_1_82' title='bbox 810 2607 931 2686; x_wconf 83' lang='lat' dir='ltr'><strong>potuit,</strong></span> <span class='ocrx_word' id='word_1_83' title='bbox 963 2604 1163 2686; x_wconf 88' lang='lat' dir='ltr'><strong>quambrevi</strong></span> <span class='ocrx_word' id='word_1_84' title='bbox 1185 2603 1234 2668; x_wconf 89' lang='lat' dir='ltr'><strong>di-</strong></span> 
     </span>
     <span class='ocr_line' id='line_1_14' title="bbox 142 2697 1352 2798; baseline 0.003 -26"><span class='ocrx_word' id='word_1_85' title='bbox 142 2711 236 2774; x_wconf 88' lang='lat' dir='ltr'><strong>cendi</strong></span> <span class='ocrx_word' id='word_1_86' title='bbox 258 2733 375 2794; x_wconf 79' lang='lat' dir='ltr'><strong>genere</strong></span> <span class='ocrx_word' id='word_1_87' title='bbox 397 2723 430 2776; x_wconf 88' lang='lat' dir='ltr'><strong>et</strong></span> <span class='ocrx_word' id='word_1_88' title='bbox 449 2717 563 2798; x_wconf 85' lang='lat' dir='ltr'><strong>exiguo</strong></span> <span class='ocrx_word' id='word_1_89' title='bbox 585 2721 704 2778; x_wconf 88' lang='lat' dir='ltr'><strong>tantum</strong></span> <span class='ocrx_word' id='word_1_90' title='bbox 725 2715 879 2776; x_wconf 78' lang='lat' dir='ltr'><strong>volumine</strong></span> <span class='ocrx_word' id='word_1_91' title='bbox 894 2697 1134 2794; x_wconf 78' lang='lat' dir='ltr'><strong>compactur.²)</strong></span> <span class='ocrx_word' id='word_1_92' title='bbox 1164 2713 1233 2792; x_wconf 80' lang='lat' dir='ltr'><strong>Quo</strong></span> <span class='ocrx_word' id='word_1_93' title='bbox 1351 2771 1352 2776; x_wconf 73' lang='grc'>,</span> 
     </span>
    </p>

    <p class='ocr_par' dir='ltr' id='par_1_13' title="bbox 29 2801 1233 2904">
     <span class='ocr_line' id='line_1_15' title="bbox 29 2801 1233 2904; baseline -0.002 -22"><span class='ocrx_word' id='word_1_94' title='bbox 29 2803 31 2810; x_wconf 53' lang='grc'><strong>’</strong></span> <span class='ocrx_word' id='word_1_95' title='bbox 73 2872 83 2893; x_wconf 68' lang='lat'><strong>,</strong></span> <span class='ocrx_word' id='word_1_96' title='bbox 141 2821 175 2882; x_wconf 90' lang='lat' dir='ltr'><strong>in</strong></span> <span class='ocrx_word' id='word_1_97' title='bbox 195 2823 316 2903; x_wconf 85' lang='lat' dir='ltr'><strong>scripto</strong></span> <span class='ocrx_word' id='word_1_98' title='bbox 338 2824 564 2886; x_wconf 90' lang='lat' dir='ltr'><strong>Dicaearchum</strong></span> <span class='ocrx_word' id='word_1_99' title='bbox 592 2843 672 2904; x_wconf 89' lang='lat' dir='ltr'><strong>quae</strong></span> <span class='ocrx_word' id='word_1_100' title='bbox 700 2824 741 2885; x_wconf 89' lang='lat' dir='ltr'><strong>ad</strong></span> <span class='ocrx_word' id='word_1_101' title='bbox 766 2842 857 2885; x_wconf 86' lang='lat' dir='ltr'><strong>usum</strong></span> <span class='ocrx_word' id='word_1_102' title='bbox 880 2823 1080 2904; x_wconf 83' lang='lat' dir='ltr'><strong>pertinerent</strong></span> <span class='ocrx_word' id='word_1_103' title='bbox 1100 2801 1233 2881; x_wconf 77' lang='lat' dir='ltr'><strong>maxime</strong></span> 
     </span>
    </p>

    <p class='ocr_par' dir='ltr' id='par_1_14' title="bbox 141 2925 1234 3010">
     <span class='ocr_line' id='line_1_16' title="bbox 141 2925 1234 3010; baseline -0.001 -21"><span class='ocrx_word' id='word_1_104' title='bbox 141 2932 319 3010; x_wconf 83' lang='lat' dir='ltr'><strong>respexisse</strong></span> <span class='ocrx_word' id='word_1_105' title='bbox 354 2939 387 2992; x_wconf 88' lang='lat' dir='ltr'><strong>et</strong></span> <span class='ocrx_word' id='word_1_106' title='bbox 414 2951 532 2993; x_wconf 90' lang='lat' dir='ltr'><strong>summa</strong></span> <span class='ocrx_word' id='word_1_107' title='bbox 559 2939 677 2994; x_wconf 89' lang='lat' dir='ltr'><strong>tantum</strong></span> <span class='ocrx_word' id='word_1_108' title='bbox 696 2937 864 3008; x_wconf 23' lang='lat' dir='ltr'><strong>,momenta</strong></span> <span class='ocrx_word' id='word_1_109' title='bbox 893 2936 942 3006; x_wconf 90' lang='lat' dir='ltr'><strong>et,</strong></span> <span class='ocrx_word' id='word_1_110' title='bbox 976 2935 1012 2989; x_wconf 87' lang='lat' dir='ltr'><strong>ut</strong></span> <span class='ocrx_word' id='word_1_111' title='bbox 1042 2931 1087 2989; x_wconf 86' lang='lat' dir='ltr'><strong>ita</strong></span> <span class='ocrx_word' id='word_1_112' title='bbox 1115 2925 1234 3005; x_wconf 86' lang='lat' dir='ltr'><strong>dicam,</strong></span> 
     </span>
    </p>

    <p class='ocr_par' dir='ltr' id='par_1_15' title="bbox 141 3037 1234 3122">
     <span class='ocr_line' id='line_1_17' title="bbox 141 3037 1234 3122; baseline 0 -24"><span class='ocrx_word' id='word_1_113' title='bbox 141 3041 264 3100; x_wconf 90' lang='lat' dir='ltr'><strong>nonnisi</strong></span> <span class='ocrx_word' id='word_1_114' title='bbox 285 3041 444 3120; x_wconf 89' lang='lat' dir='ltr'><strong>principia</strong></span> <span class='ocrx_word' id='word_1_115' title='bbox 464 3043 546 3102; x_wconf 87' lang='lat' dir='ltr'><strong>vitae</strong></span> <span class='ocrx_word' id='word_1_116' title='bbox 568 3041 714 3122; x_wconf 90' lang='lat' dir='ltr'><strong>publicae</strong></span> <span class='ocrx_word' id='word_1_117' title='bbox 735 3039 925 3120; x_wconf 75' lang='lat' dir='ltr'><strong>Spartanae,</strong></span> <span class='ocrx_word' id='word_1_118' title='bbox 947 3055 1039 3116; x_wconf 90' lang='lat' dir='ltr'><strong>quam</strong></span> <span class='ocrx_word' id='word_1_119' title='bbox 1059 3040 1163 3116; x_wconf 88' lang='lat' dir='ltr'><strong>prope</strong></span> <span class='ocrx_word' id='word_1_120' title='bbox 1185 3037 1234 3098; x_wconf 88' lang='lat' dir='ltr'><strong>in-</strong></span> 
     </span>
    </p>

    <p class='ocr_par' dir='ltr' id='par_1_16' title="bbox 142 3143 1235 3228">
     <span class='ocr_line' id='line_1_18' title="bbox 142 3143 1235 3228; baseline -0.001 -22"><span class='ocrx_word' id='word_1_121' title='bbox 142 3145 260 3206; x_wconf 84' lang='lat' dir='ltr'><strong>tuendo</strong></span> <span class='ocrx_word' id='word_1_122' title='bbox 288 3146 338 3206; x_wconf 81' lang='lat' dir='ltr'><strong>vel</strong></span> <span class='ocrx_word' id='word_1_123' title='bbox 372 3147 505 3210; x_wconf 84' lang='lat' dir='ltr'><strong>fortasse</strong></span> <span class='ocrx_word' id='word_1_124' title='bbox 541 3150 635 3209; x_wconf 89' lang='lat' dir='ltr'><strong>etiam</strong></span> <span class='ocrx_word' id='word_1_125' title='bbox 672 3147 800 3228; x_wconf 84' lang='lat' dir='ltr'><strong>publicu</strong></span> <span class='ocrx_word' id='word_1_126' title='bbox 829 3164 958 3206; x_wconf 88' lang='lat' dir='ltr'><strong>munera</strong></span> <span class='ocrx_word' id='word_1_127' title='bbox 989 3143 1134 3205; x_wconf 80' lang='lat' dir='ltr'><strong>obeundo</strong></span> <span class='ocrx_word' id='word_1_128' title='bbox 1163 3145 1235 3224; x_wconf 88' lang='lat' dir='ltr'><strong>ipse</strong></span> 
     </span>
    </p>

    <p class='ocr_par' dir='ltr' id='par_1_17' title="bbox 93 3252 1235 3342">
     <span class='ocr_line' id='line_1_19' title="bbox 93 3252 1235 3342; baseline 0 -30"><span class='ocrx_word' id='word_1_129' title='bbox 93 3315 108 3342; x_wconf 7' lang='grc' dir='ltr'><strong>,Ἴ</strong></span> <span class='ocrx_word' id='word_1_130' title='bbox 142 3252 358 3334; x_wconf 73' lang='lat' dir='ltr'><strong>cognovisset,</strong></span> <span class='ocrx_word' id='word_1_131' title='bbox 373 3256 402 3328; x_wconf 76' lang='lat'><strong>³)</strong></span> <span class='ocrx_word' id='word_1_132' title='bbox 440 3255 622 3339; x_wconf 84' lang='lat' dir='ltr'><strong>exposuisse</strong></span> <span class='ocrx_word' id='word_1_133' title='bbox 661 3255 846 3334; x_wconf 82' lang='lat' dir='ltr'><strong>cogitamur.</strong></span> <span class='ocrx_word' id='word_1_134' title='bbox 897 3252 1095 3332; x_wconf 82' lang='lat' dir='ltr'><strong>Magnopere</strong></span> <span class='ocrx_word' id='word_1_135' title='bbox 1130 3257 1235 3313; x_wconf 90' lang='lat' dir='ltr'><strong>autem</strong></span> 
     </span>
    </p>

    <p class='ocr_par' dir='ltr' id='par_1_18' title="bbox 144 3357 1235 3443">
     <span class='ocr_line' id='line_1_20' title="bbox 144 3357 1235 3443; baseline 0.003 -24"><span class='ocrx_word' id='word_1_136' title='bbox 144 3357 302 3437; x_wconf 82' lang='lat' dir='ltr'><strong>dolemus,</strong></span> <span class='ocrx_word' id='word_1_137' title='bbox 324 3361 409 3441; x_wconf 88' lang='lat' dir='ltr'><strong>quod</strong></span> <span class='ocrx_word' id='word_1_138' title='bbox 429 3361 492 3443; x_wconf 80' lang='lat' dir='ltr'><strong>iam</strong></span> <span class='ocrx_word' id='word_1_139' title='bbox 513 3361 631 3423; x_wconf 90' lang='lat' dir='ltr'><strong>nullum</strong></span> <span class='ocrx_word' id='word_1_140' title='bbox 652 3379 691 3422; x_wconf 86' lang='lat' dir='ltr'><strong>ex</strong></span> <span class='ocrx_word' id='word_1_141' title='bbox 710 3361 771 3422; x_wconf 91' lang='lat' dir='ltr'><strong>hoc</strong></span> <span class='ocrx_word' id='word_1_142' title='bbox 786 3360 894 3422; x_wconf 86' lang='lat' dir='ltr'><strong>libello</strong></span> <span class='ocrx_word' id='word_1_143' title='bbox 907 3360 1115 3441; x_wconf 81' lang='lat' dir='ltr'><strong>fragmentum</strong></span> <span class='ocrx_word' id='word_1_144' title='bbox 1130 3378 1235 3440; x_wconf 88' lang='lat' dir='ltr'><strong>eoque</strong></span> 
     </span>
    </p>

    <p class='ocr_par' dir='ltr' id='par_1_19' title="bbox 59 3454 1236 3560">
     <span class='ocr_line' id='line_1_21' title="bbox 59 3454 1236 3560; baseline 0.002 -32"><span class='ocrx_word' id='word_1_145' title='bbox 59 3481 61 3486; x_wconf 64' lang='lat'>‘</span> <span class='ocrx_word' id='word_1_146' title='bbox 142 3470 322 3530; x_wconf 88' lang='lat' dir='ltr'><strong>nominatim</strong></span> <span class='ocrx_word' id='word_1_147' title='bbox 352 3471 526 3550; x_wconf 79' lang='lat' dir='ltr'><strong>significato</strong></span> <span class='ocrx_word' id='word_1_148' title='bbox 553 3467 644 3531; x_wconf 85' lang='lat' dir='ltr'><strong>nohis</strong></span> <span class='ocrx_word' id='word_1_149' title='bbox 669 3469 816 3529; x_wconf 91' lang='lat' dir='ltr'><strong>relictum</strong></span> <span class='ocrx_word' id='word_1_150' title='bbox 847 3473 895 3528; x_wconf 89' lang='lat' dir='ltr'><strong>est</strong></span> <span class='ocrx_word' id='word_1_151' title='bbox 916 3473 949 3528; x_wconf 91' lang='lat' dir='ltr'><strong>et</strong></span> <span class='ocrx_word' id='word_1_152' title='bbox 970 3454 1055 3560; x_wconf 81' lang='lat' dir='ltr'><strong>quod</strong></span> <span class='ocrx_word' id='word_1_153' title='bbox 1077 3486 1115 3529; x_wconf 94' lang='lat' dir='ltr'><strong>eo</strong></span> <span class='ocrx_word' id='word_1_154' title='bbox 1136 3468 1236 3549; x_wconf 81' lang='lat' dir='ltr'><strong>magia</strong></span> 
     </span>
    </p>

    <p class='ocr_par' dir='ltr' id='par_1_20' title="bbox 145 3556 1235 3657">
     <span class='ocr_line' id='line_1_22' title="bbox 145 3556 1235 3657; baseline -0.001 -20"><span class='ocrx_word' id='word_1_155' title='bbox 145 3575 290 3638; x_wconf 87' lang='lat' dir='ltr'><strong>dubitare</strong></span> <span class='ocrx_word' id='word_1_156' title='bbox 310 3561 366 3638; x_wconf 83' lang='lat' dir='ltr'><strong>nos</strong></span> <span class='ocrx_word' id='word_1_157' title='bbox 387 3556 517 3638; x_wconf 84' lang='lat' dir='ltr'><strong>neeesse</strong></span> <span class='ocrx_word' id='word_1_158' title='bbox 539 3581 604 3653; x_wconf 91' lang='lat' dir='ltr'><strong>est,</strong></span> <span class='ocrx_word' id='word_1_159' title='bbox 624 3595 697 3638; x_wconf 88' lang='lat' dir='ltr'><strong>num</strong></span> <span class='ocrx_word' id='word_1_160' title='bbox 718 3576 798 3636; x_wconf 87' lang='lat' dir='ltr'><strong>haec</strong></span> <span class='ocrx_word' id='word_1_161' title='bbox 813 3571 1052 3657; x_wconf 76' lang='grc' dir='ltr'><strong>Σπαρτιατῶν</strong></span> <span class='ocrx_word' id='word_1_162' title='bbox 1075 3569 1235 3654; x_wconf 69' lang='lat' dir='ltr'><strong>aphracta</strong></span> 
     </span>
    </p>

    <p class='ocr_par' dir='ltr' id='par_1_21' title="bbox 143 3675 1235 3765">
     <span class='ocr_line' id='line_1_23' title="bbox 143 3675 1235 3765; baseline -0.001 -19"><span class='ocrx_word' id='word_1_163' title='bbox 143 3675 302 3765; x_wconf 72' lang='lat' dir='ltr'><strong>singulare</strong></span> <span class='ocrx_word' id='word_1_164' title='bbox 324 3690 565 3763; x_wconf 87' lang='lat' dir='ltr'><strong>separatumque</strong></span> <span class='ocrx_word' id='word_1_165' title='bbox 582 3701 662 3762; x_wconf 87' lang='lat' dir='ltr'><strong>opus</strong></span> <span class='ocrx_word' id='word_1_166' title='bbox 676 3701 714 3742; x_wconf 87' lang='lat' dir='ltr'><strong>an</strong></span> <span class='ocrx_word' id='word_1_167' title='bbox 729 3687 825 3762; x_wconf 89' lang='lat' dir='ltr'><strong>caput</strong></span> <span class='ocrx_word' id='word_1_168' title='bbox 838 3675 1024 3744; x_wconf 74' lang='grc' dir='ltr'><strong>πολιτειῶν</strong></span> <span class='ocrx_word' id='word_1_169' title='bbox 1039 3683 1235 3745; x_wconf 85' lang='lat' dir='ltr'><strong>Dicaearcho</strong></span> 
     </span>
    </p>

    <p class='ocr_par' dir='ltr' id='par_1_22' title="bbox 144 3783 1236 3876">
     <span class='ocr_line' id='line_1_24' title="bbox 144 3783 1236 3876; baseline 0.001 -23"><span class='ocrx_word' id='word_1_170' title='bbox 144 3791 354 3873; x_wconf 84' lang='lat' dir='ltr'><strong>probabiliter</strong></span> <span class='ocrx_word' id='word_1_171' title='bbox 368 3791 644 3854; x_wconf 83' lang='lat' dir='ltr'><strong>adscribendarnm</strong></span> <span class='ocrx_word' id='word_1_172' title='bbox 659 3783 693 3876; x_wconf 82' lang='lat'><strong>⁴)</strong></span> <span class='ocrx_word' id='word_1_173' title='bbox 714 3811 753 3852; x_wconf 89' lang='lat' dir='ltr'><strong>an</strong></span> <span class='ocrx_word' id='word_1_174' title='bbox 776 3791 928 3870; x_wconf 85' lang='lat' dir='ltr'><strong>denique,</strong></span> <span class='ocrx_word' id='word_1_175' title='bbox 949 3790 983 3853; x_wconf 91' lang='lat' dir='ltr'><strong>id</strong></span> <span class='ocrx_word' id='word_1_176' title='bbox 999 3793 1082 3872; x_wconf 88' lang='lat' dir='ltr'><strong>quod</strong></span> <span class='ocrx_word' id='word_1_177' title='bbox 1097 3792 1236 3854; x_wconf 80' lang='lat' dir='ltr'><strong>Neekius</strong></span> 
     </span>
    </p>

    <p class='ocr_par' dir='ltr' id='par_1_23' title="bbox 95 3885 1352 4091">
     <span class='ocr_line' id='line_1_25' title="bbox 95 3885 1237 3982; baseline 0 -20"><span class='ocrx_word' id='word_1_178' title='bbox 95 3885 96 3890; x_wconf 8' lang='grc' dir='ltr'>ἵ</span> <span class='ocrx_word' id='word_1_179' title='bbox 144 3901 240 3963; x_wconf 87' lang='lat' dir='ltr'><strong>statui</strong></span> <span class='ocrx_word' id='word_1_180' title='bbox 275 3920 369 3982; x_wconf 89' lang='lat' dir='ltr'><strong>passe</strong></span> <span class='ocrx_word' id='word_1_181' title='bbox 405 3901 606 3972; x_wconf 84' lang='lat' dir='ltr'><strong>existimavit,</strong></span> <span class='ocrx_word' id='word_1_182' title='bbox 637 3900 670 3962; x_wconf 90' lang='lat' dir='ltr'><strong>in</strong></span> <span class='ocrx_word' id='word_1_183' title='bbox 699 3899 774 3963; x_wconf 85' lang='lat' dir='ltr'><strong>Vita</strong></span> <span class='ocrx_word' id='word_1_184' title='bbox 812 3899 967 3962; x_wconf 81' lang='lat' dir='ltr'><strong>Graeciae</strong></span> <span class='ocrx_word' id='word_1_185' title='bbox 1007 3901 1237 3981; x_wconf 86' lang='lat' dir='ltr'><strong>comprehensa</strong></span> 
     </span>
     <span class='ocr_line' id='line_1_26' title="bbox 143 4005 1352 4091; baseline 0.002 -21"><span class='ocrx_word' id='word_1_186' title='bbox 143 4007 252 4070; x_wconf 82' lang='lat' dir='ltr'><strong>fuerit.</strong></span> <span class='ocrx_word' id='word_1_187' title='bbox 267 4005 304 4091; x_wconf 78' lang='lat'><strong>⁵)</strong></span> <span class='ocrx_word' id='word_1_188' title='bbox 354 4010 442 4070; x_wconf 89' lang='lat' dir='ltr'><strong>Unus</strong></span> <span class='ocrx_word' id='word_1_189' title='bbox 472 4015 575 4070; x_wconf 92' lang='lat' dir='ltr'><strong>tamen</strong></span> <span class='ocrx_word' id='word_1_190' title='bbox 597 4008 781 4070; x_wconf 85' lang='lat' dir='ltr'><strong>Dicaearchi</strong></span> <span class='ocrx_word' id='word_1_191' title='bbox 808 4009 897 4072; x_wconf 88' lang='lat' dir='ltr'><strong>locus</strong></span> <span class='ocrx_word' id='word_1_192' title='bbox 927 4016 1091 4090; x_wconf 89' lang='lat' dir='ltr'><strong>superest,</strong></span> <span class='ocrx_word' id='word_1_193' title='bbox 1117 4011 1173 4072; x_wconf 86' lang='lat' dir='ltr'><strong>uhi</strong></span> <span class='ocrx_word' id='word_1_194' title='bbox 1195 4008 1235 4072; x_wconf 91' lang='lat' dir='ltr'><strong>de</strong></span> <span class='ocrx_word' id='word_1_195' title='bbox 1351 4023 1352 4026; x_wconf 74' lang='grc'>’</span> 
     </span>
    </p>

    <p class='ocr_par' dir='ltr' id='par_1_24' title="bbox 145 4103 1235 4206">
     <span class='ocr_line' id='line_1_27' title="bbox 145 4103 1235 4206; baseline 0 -28"><span class='ocrx_word' id='word_1_196' title='bbox 145 4115 371 4197; x_wconf 83' lang='lat' dir='ltr'><strong>Spartanorum</strong></span> <span class='ocrx_word' id='word_1_197' title='bbox 392 4116 537 4198; x_wconf 84' lang='lat' dir='ltr'><strong>phiditiis</strong></span> <span class='ocrx_word' id='word_1_198' title='bbox 557 4112 776 4206; x_wconf 58' lang='lat' dir='ltr'><strong>expositura)</strong></span> <span class='ocrx_word' id='word_1_199' title='bbox 798 4118 896 4198; x_wconf 88' lang='lat' dir='ltr'><strong>idque</strong></span> <span class='ocrx_word' id='word_1_200' title='bbox 921 4103 1009 4180; x_wconf 85' lang='lat' dir='ltr'><strong>tanta</strong></span> <span class='ocrx_word' id='word_1_201' title='bbox 1034 4118 1235 4179; x_wconf 87' lang='lat' dir='ltr'><strong>accuratione</strong></span> 
     </span>
    </p>

    <p class='ocr_par' dir='ltr' id='par_1_25' title="bbox 60 4223 1236 4308">
     <span class='ocr_line' id='line_1_28' title="bbox 60 4223 1236 4308; baseline -0.003 -19"><span class='ocrx_word' id='word_1_202' title='bbox 60 4251 63 4256; x_wconf 20' lang='grc' dir='ltr'><strong>Δ</strong></span> <span class='ocrx_word' id='word_1_203' title='bbox 144 4227 272 4306; x_wconf 82' lang='lat' dir='ltr'><strong>tamque</strong></span> <span class='ocrx_word' id='word_1_204' title='bbox 292 4225 434 4290; x_wconf 87' lang='lat' dir='ltr'><strong>consulta</strong></span> <span class='ocrx_word' id='word_1_205' title='bbox 454 4225 507 4306; x_wconf 85' lang='lat' dir='ltr'><strong>dt,</strong></span> <span class='ocrx_word' id='word_1_206' title='bbox 527 4231 563 4290; x_wconf 90' lang='lat' dir='ltr'><strong>ut</strong></span> <span class='ocrx_word' id='word_1_207' title='bbox 583 4245 644 4290; x_wconf 89' lang='lat' dir='ltr'><strong>nou</strong></span> <span class='ocrx_word' id='word_1_208' title='bbox 665 4223 821 4307; x_wconf 85' lang='lat' dir='ltr'><strong>aptiorem</strong></span> <span class='ocrx_word' id='word_1_209' title='bbox 841 4226 949 4290; x_wconf 87' lang='lat' dir='ltr'><strong>sedem</strong></span> <span class='ocrx_word' id='word_1_210' title='bbox 971 4244 1062 4308; x_wconf 85' lang='lat' dir='ltr'><strong>quam</strong></span> <span class='ocrx_word' id='word_1_211' title='bbox 1082 4225 1114 4288; x_wconf 92' lang='lat' dir='ltr'><strong>in</strong></span> <span class='ocrx_word' id='word_1_212' title='bbox 1135 4243 1236 4306; x_wconf 87' lang='lat' dir='ltr'><strong>opere</strong></span> 
     </span>
    </p>
   </div>
   <div class='ocr_carea' id='block_1_5' title="bbox 0 0 1374 4726">
    <p class='ocr_par' dir='ltr' id='par_1_26' title="bbox 0 0 1374 4726">
     <span class='ocr_line' id='line_1_29' title="bbox 0 0 1374 4726; baseline 0 0"><span class='ocrx_word' id='word_1_213' title='bbox 0 0 1374 4726; x_wconf 95' lang='lat' dir='ltr'><strong> </strong></span> 
     </span>
    </p>
   </div>
  </div>
 </body>
</html>
