2720 4724
438 315 552 422 ·--¹
586 289 657 375 toa
711 241 808 347 ἑὲ

83 494 187 563 masdra
204 488 338 550 Ιννανὸσια
360 489 396 554 λς’
424 484 469 557 (iu
494 489 596 544 codicis
619 489 734 544 Parisini
757 487 860 542 scholio
885 487 944 542 siue
967 486 1050 542 dubio
1071 486 1170 545 lacent

84 589 141 658 eat).
163 591 209 643 sci
224 591 319 660 νόμους
336 590 364 644 di
381 592 449 660 lires
460 589 622 663 Δικαίαρχος
639 584 720 645 oriris
743 590 903 653 sideralem,
930 589 1027 660 μηθένα
1051 589 1171 646 ἐκλείπειν

81 678 128 754 seis
142 677 265 757 meppiam
280 687 384 754 τέχνην
407 681 487 738 τοῦτο
504 679 558 756 γὰρ
575 679 638 753 qimo
655 678 740 756 ἅρχῆν
755 685 821 738 εἶναι
835 683 985 746 πλεονεξίας.
1010 683 1054 736 eol
1070 677 1171 757 npslsns

80 779 106 832 u
125 771 260 850 εὑρηκέναι
280 779 365 833 iurene
388 773 439 843 (ita
457 774 528 828 enim
554 791 604 846 pru
628 777 706 833 druos
730 773 871 842 legendum
894 772 1010 842 videtur)
1035 780 1171 848 turpem

72 859 227 944 desponsi.
243 867 319 926 datos
341 871 369 924 dt
385 869 469 924 ταῦτα
486 874 524 936 εἰς
536 861 618 944 Ὧρον
633 861 799 946 simplpcurls.
820 873 865 928 sul
883 869 961 926 τοῦτο
978 871 1009 926 di
1025 889 1101 943 φησιν
1117 871 1170 926 Δι-

77 969 197 1039 καίαρχος
214 970 241 1021 ἐν
256 959 280 1042 β’
287 1003 297 1030 ,
309 959 460 1044 Ἑλληνικοῦ
476 969 536 1036 βίον
553 962 711 1040 Σεσῶστριδν
726 969 899 1040 reprimeres.
932 964 1068 1020 Postrema
1087 963 1170 1018 verba
1206 1035 1210 1039 η

77 1057 115 1110 ita
131 1057 307 1123 intelligenda
325 1071 382 1110 esse
399 1057 541 1117 videntnre
574 1065 623 1126 „et
645 1057 698 1112 hac
721 1059 826 1112 ratione
843 1057 1025 1120 Dicaearchus
1049 1057 1169 1126 secundo
1262 1098 1266 1118 ,

75 1149 145 1204 libro
163 1151 232 1205 dicit
250 1139 425 1206 Sesostiidesn
442 1152 516 1211 vitae
534 1151 654 1206 Graecae
672 1169 760 1209 curam
779 1151 924 1206 hahuissc“
952 1152 1004 1210 uisi
1021 1150 1091 1206 iortc
1109 1167 1171 1204 eum

76 1247 123 1319 qui
140 1247 265 1301 codicem
283 1247 433 1303 Parisinum
451 1247 569 1303 confecit
585 1233 667 1304 s'erhs
685 1250 715 1302 in
733 1245 863 1322 Stephani
882 1246 977 1304 codice
994 1249 1039 1310 sni
1051 1243 1170 1324 Ἕλληνι·
1280 1311 1283 1314 ,

76 1342 122 1400 ,οὗ
137 1348 198 1420 ρίου
216 1343 283 1396 falso
301 1342 464 1396 intellexisse
486 1352 514 1397 ct
537 1361 589 1416 pro
612 1344 693 1398 tltulo
718 1345 807 1416 operis
831 1343 938 1410 allegati
962 1340 1096 1414 accepim
1114 1346 1169 1393 stt·

76 1437 183 1489 tuimaa.
225 1433 318 1491 Minus
335 1443 409 1490 recta
428 1435 582 1492 Buttmanni
600 1435 787 1508 interpretatio
806 1443 934 1509 apparet:
963 1445 1012 1502 „et
1029 1435 1082 1492 hoc
1100 1451 1169 1507 qno·

75 1547 129 1601 que
145 1541 240 1586 narrat
255 1531 436 1586 Dicaearchus
453 1532 482 1586 iu
500 1531 571 1585 lihro
588 1533 722 1598 secundo,
742 1531 916 1588 Sesostridem
933 1549 1025 1595 curam
1042 1531 1169 1586 hahuisse

76 1623 207 1678 Graeciae
225 1623 320 1676 vitae“
339 1626 403 1696 quia
421 1624 496 1696 qnod
513 1623 634 1678 additum
653 1634 692 1680 est
709 1627 762 1681 huc
780 1627 892 1696 omniuo
910 1625 1046 1680 claudicat
1063 1623 1168 1696 etquis

76 1718 198 1790 scriptor,
217 1717 241 1772 si
259 1717 295 1770 ad
312 1721 453 1792 sequentia
470 1724 636 1792 respexisset,
656 1739 705 1792 pro
721 1723 800 1780 τοῦτο
817 1721 977 1776 sine‘dnbio
993 1725 1054 1779 scida
1070 1719 1168 1774 rectius

75 1813 211 1883 posuiawt
248 1814 424 1867 Buttmannus
441 1815 564 1886 quidem,
592 1815 628 1876 ci,
647 1831 718 1889 quae
736 1817 769 1871 de
786 1818 915 1871 lacunuso
934 1815 1035 1870 codicis
1053 1809 1169 1868 Parisini

75 1907 167 1962 habitu
181 1923 262 1980 supra
271 1909 487 1974 monui,codicis
501 1911 615 1964 Parisini
626 1921 762 1966 auctorem
771 1911 997 1986 exStephani'arru
1006 1908 1167 1981 excerpsisse

75 2002 181 2068 statuit,
210 1989 304 2056 sedin
322 2011 418 2059 neutro
437 2006 581 2072 genuinum
600 1992 761 2062 scholiastes
779 2025 913 2078 superesse
931 2005 1076 2060 arbitratur
1092 2009 1121 2056 et
1138 2001 1169 2054 in

75 2097 144 2150 libro
170 2097 357 2168 Stephaniano
381 2099 503 2171 inprimis
529 2118 561 2153 ec
589 2101 750 2168 offenditur,
787 2101 860 2175 quod
882 2101 953 2156 inter
979 2099 1059 2156 verba
1082 2093 1097 2154 ὅ
1119 2101 1167 2170 μὶν

72 2187 278 2258 'mundassem
289 2215 313 2249 τ.
325 2199 349 2249 l.
368 2203 395 2246 st
405 2201 469 2276 φηρὶ
485 2200 514 2252 δὲ
524 2195 681 2271 Δικαίαρχος
700 2198 773 2249 nulla
791 2214 882 2252 sensus
900 2195 994 2250 relatio
1009 2190 1164 2246 intercedat.

76 2287 113 2339 Eo
130 2303 194 2342 seru
211 2288 274 2340 locu
291 2293 340 2362 μέν
357 2297 385 2341 et
401 2294 432 2346 δε
446 2288 498 2340 sibi
515 2287 633 2343 invicem
651 2291 812 2362 respondeat
828 2307 936 2345 necesse
954 2287 1011 2343 est?
1033 2284 1167 2358 Equidem

75 2389 121 2456 μίν
143 2379 197 2435 hoc
220 2381 282 2435 loco
308 2385 494 2436 tantummode
520 2385 695 2452 restringendi
721 2385 748 2440 vi
773 2385 926 2456 praeditum
945 2391 973 2438 et
989 2399 1036 2454 per
1053 2385 1085 2438 δέ
1100 2397 1165 2452 pro·

75 2491 190 2542 gressum
209 2475 243 2527 ad
261 2475 374 2548 aliquod
392 2479 456 2530 novi
475 2478 659 2544 significatum·
676 2478 859 2546 essecenseo.¹
888 2481 967 2551 Quae
985 2487 1076 2530 tamen
1093 2474 1165 2527 idem

76 2569 113 2621 sir
129 2567 298 2621 doctissimus
316 2567 350 2621 de
369 2571 568 2658 computatione
592 2572 739 2626 secundum
757 2571 930 2644 Olympiades
955 2567 1093 2640 exposuit,
1123 2583 1165 2618 re·
1276 2590 1291 2606 .

76 2665 191 2717 ctissime
213 2679 242 2717 se
266 2663 385 2748 hahent,
419 2665 493 2737 quod
510 2667 634 2720 Timaeus
657 2669 708 2720 ista
732 2665 832 2737 primns
858 2683 920 2718 usus
943 2666 1024 2718 inisse
1049 2661 1163 2728 dicitur;

76 2758 266 2812 accuratiorem
283 2766 374 2813 tamen
391 2759 550 2815 discriminis
568 2761 699 2814 rationem
718 2760 820 2813 habere
839 2759 942 2824 debuit,
961 2757 1035 2829 quud
1049 2756 1164 2819 obtinet,

20 2871 26 2880 ·
76 2853 96 2906 si
113 2853 200 2924 primu
219 2853 359 2926 Olympias
375 2854 486 2910 nonnisi
504 2855 710 2924 chronologicus
732 2855 861 2910 terminus
883 2852 978 2905 codem
1003 2851 1083 2904 modo
1110 2865 1184 2920 quo¹
1231 2879 1236 2896 ι

76 2948 155 3014 Troja
173 2963 280 3012 eversa,
300 2948 504 3002 Heraclidarum
522 2949 638 3014 reditus,
667 2953 804 3004 Persarum
822 2948 892 3002 bella
910 2955 962 3001 cte.
979 2945 1166 3000 consideratur

76 3050 101 3094 et
124 3043 146 3094 si
169 3043 291 3108 singulae
318 3043 508 3114 Olympiades,
536 3043 609 3098 relut
633 3045 811 3114 octogesima,
845 3039 1017 3107 nonagesima
1041 3048 1093 3092 etc.
1116 3052 1165 3108 per
1213 3103 1218 3112 Ι

75 3135 188 3201 singulos
207 3151 373 3189 suosunncs
396 3145 586 3191 memorantur.
629 3132 703 3191 ldem
726 3155 808 3210 porro
835 3139 1010 3193 Buttmanuus
1036 3134 1094 3185 heri
1119 3131 1166 3186 rix

75 3232 191 3300 potuisse
209 3229 352 3302 opinatur,
380 3238 409 3282 ut
425 3227 610 3287 Dicaearchus
628 3233 662 3286 de
680 3232 774 3286 eadem
787 3249 821 3285 re
839 3229 943 3286 duobus
963 3227 1074 3282 dirersis
1098 3226 1166 3281 lucis

76 3325 154 3376 rerba
172 3323 269 3377 lecerit
292 3339 405 3394 eamque
431 3325 465 3378 ob
490 3343 598 3380 causam
622 3326 783 3380 scholiaatcn
809 3324 936 3380 erravisse
960 3321 1086 3390 conjicit,
1119 3319 1165 3404 cui

76 3419 111 3469 rei
136 3425 166 3470 ut
189 3426 328 3472 succurrat
350 3417 418 3472 haec
444 3421 534 3472 omnia
560 3421 593 3472 ad
618 3421 732 3492 primum
749 3426 818 3479 Bion
843 3418 940 3472 librum
964 3418 1094 3475 relaturus
1115 3421 1163 3468 est.

20 3541 21 3562 1
78 3511 124 3563 Sed
141 3511 195 3565 hnc
214 3530 247 3566 ex
266 3514 323 3567 solo
341 3515 494 3568 Buttmanni
513 3515 625 3570 arbitrio
643 3516 742 3570 facturn
760 3524 800 3569 est
817 3516 892 3584 isque
909 3513 982 3584 ipse,
1013 3529 1068 3571 non
1087 3503 1165 3564 scho-

22 3647 31 3677 ¹.
77 3606 162 3658 liastes
180 3607 294 3659 errarit:
312 3607 340 3660 iu
358 3607 445 3680 primo
463 3609 622 3664 enim'lihro
639 3610 685 3662 illa
703 3609 784 3676 magis
802 3608 925 3662 universa
942 3605 1074 3678 expositio
1087 3604 1164 3657 chro-

77 3699 194 3766 nologica
222 3709 250 3753 et
265 3699 304 3754 in
330 3702 448 3756 secundo
472 3703 612 3772 singularis
635 3704 668 3756 de
691 3703 746 3757 vita
765 3705 868 3758 Graeca
886 3721 901 3754 a
920 3697 1116 3756 sesonchoside
1134 3700 1164 3750 in

78 3783 191 3864 Aegypto
209 3802 319 3864 recepta
338 3795 431 3849 relatio
449 3797 642 3871 comprehensa
659 3796 719 3850 suit.
754 3795 841 3848 Etiam
859 3792 989 3858 Naehius,
1009 3791 1164 3848 Sesostridis
1264 3796 1269 3804 '

78 3892 175 3953 tamen,
202 3887 309 3958 inquit,
337 3887 417 3942 ctiam
443 3889 562 3943 secundo
586 3890 657 3945 libro
675 3888 838 3942 mentionem
855 3885 928 3942 fecit.
971 3888 1003 3939 ln
1021 3884 1165 3958 posteriori

80 3999 132 4034 reru
150 3984 197 4036 illa
217 3990 245 4036 re
264 3983 393 4036 tradenda
411 3983 607 4040 Dicaearchum
625 3984 790 4040 crediderim
807 3972 1048 4037 demonsiraturum
1070 3980 1161 4045 fuisse,

80 4083 236 4147 quantopere
263 4077 395 4147 peregrini
421 4079 503 4133 vitam
529 4081 659 4133 Graecam
686 4078 876 4154 respexissent,
912 4093 1001 4148 neque
1028 4063 1163 4128 contraria

82 4173 173 4225 ratione
191 4188 253 4226 cum
271 4173 432 4228 Buttmanno
451 4175 587 4228 statuerim
605 4175 755 4243 significare
776 4160 915 4247 'culcitam
946 4177 1081 4242 ,quantum
1105 4166 1163 4222 vlit

82 4263 170 4322 Graeca
196 4269 344 4344 peregrinis
376 4271 530 4341 debuisset,
565 4291 635 4347 quae
658 4276 769 4349 quidem
795 4279 969 4350 plurimorum
1017 4267 1161 4347 dlicta:
