2734 4718
441 291 919 370 ··-·-420--

191 481 229 554 db
257 479 364 555 αὑτὸν
390 478 482 574 πρὸς
501 481 663 574 Χιὶρωνα
693 483 842 571 κομίσας
863 481 922 548 ὐπ’
954 478 1084 549 ἐκείνου
1110 479 1283 566 θεραπεν·

157 589 160 594 ’
190 591 297 664 θέντα
319 587 381 672 τοὶς
402 589 503 681 ὄψεις
522 589 673 671 βασιλέα
694 589 893 682 tardosque.
906 588 1099 658 Δολόπων.

272 695 377 780 Διὸς
399 700 590 789 α’κραὶοο.
641 706 730 768 lianc
751 703 866 774 Osanni
888 701 1103 782 conjecturam
1131 717 1193 780 pru
1212 699 1284 760 vul·

190 819 263 896 gata
283 813 421 876 lectione
435 801 523 888 Διὸς
537 809 698 886 οἱκταὶοο,
715 807 893 892 cujusmodi
904 807 1032 888 Jupiter
1046 807 1141 868 etism
1155 805 1284 870 aliunde

190 923 284 1004 plane
312 923 491 1005 incognitus
512 927 576 998 est,
604 919 811 982 libentissime
832 915 1008 998 amplector
1036 911 1183 994 inprimis
1210 899 1284 976 ser·

126 1074 129 1080 -
189 1029 301 1092 borum
321 1027 578 1110 praecedentium
608 1021 666 1092 ἐπ’
687 1015 797 1106 ἄκρας
817 1014 858 1086 δὲ
878 1024 941 1106 τῆς
961 1018 1026 1084 τοῦ
1054 1012 1160 1104 ὀροος
1180 1039 1283 1102 κορο-

190 1135 261 1223 φῆς
280 1136 403 1198 ratione
423 1133 539 1197 habita.
586 1133 633 1196 lie
661 1150 700 1195 eo
720 1138 825 1196 autem
846 1131 990 1214 epitheto
1013 1124 1163 1210 οἱκραῖος
1183 1127 1284 1192 Osan-

190 1262 250 1306 nus
284 1241 507 1324 spanhemium
537 1240 577 1304 ad
607 1239 727 1306 Gallim.
744 1231 747 1240 '
764 1238 869 1321 hymni
890 1241 931 1304 iu
960 1237 1029 1302 lor.
1057 1235 1111 1300 82.
1138 1235 1285 1300 conferri

186 1351 294 1432 jussit.
1173 1403 1175 1408 .

275 1449 574 1542 ἐπιλεχθέντες
601 1454 670 1521 ἐπὶ
697 1453 774 1520 τοῦ
806 1445 962 1541 ἱερέως.
1005 1457 1191 1534 Quanquam
1211 1453 1284 1516 lieri

64 1605 68 1610 -
191 1563 343 1628 facillime
359 1567 488 1662 potnit,
517 1567 689 1648 participio
715 1565 857 1646 inprimis
888 1554 1120 1644 ἐπιλεχθέντες
1150 1579 1310 1642 praece·

194 1671 307 1752 dente,
335 1679 371 1736 nt
397 1674 430 1736 iu
449 1673 553 1736 lucum
582 1673 828 1754 praepositionis
848 1659 938 1746 ὑπό,
967 1688 1059 1749 quam
1079 1669 1285 1732 Bnttmsnnus

193 1780 227 1842 in
247 1781 342 1844 textis
361 1781 425 1844 loci
445 1781 622 1844 restitutum
643 1779 801 1857 exhihuit,
828 1775 888 1842 ἱπὶ
911 1777 1128 1841 intruderetur
1148 1795 1167 1836 a
1186 1775 1284 1861 lihna-¹

166 1969 167 1973 ρ
192 1888 259 1950 rin:
289 1887 437 1968 equidem
466 1893 571 1950 tamen
598 1887 719 1952 codicis
739 1887 928 1968 scripturam
950 1904 1021 1949 cnm
1040 1883 1159 1948 ceteris
1181 1883 1284 1946 edito·

192 1993 281 2056 ribus
308 2001 409 2056 tneor.
465 1995 653 2062 Rectissime
673 1993 756 2056 enirn
776 1993 889 2083 habet,
913 1986 1144 2056 stratonico&
1165 1983 1286 2074 ἱερέως

194 2121 299 2184 corum
318 2104 482 2166 sacerdote
502 2106 568 2167 sive
586 2105 678 2186 jussu
697 2102 869 2166 sacerdotis
887 2101 1023 2171 verteris
1050 2102 1118 2164 sive
1138 2095 1200 2164 ἒπὶ
1222 2097 1287 2164 τοῦ

193 2204 312 2294 ἱερέως
342 2197 455 2273 ecdem
475 2211 569 2292 plane
598 2228 691 2273 sensu
712 2231 783 2274 cum
803 2202 872 2274 ὑπὸ
895 2203 958 2272 τοῦ
979 2195 1098 2294 ἱερέως
1120 2209 1285 2290 οιρλὶοιιε

194 2317 257 2392 ris,
272 2336 332 2398 qna
353 2319 525 2399 posteriori
545 2320 668 2380 ratione
689 2313 745 2382 ἑπὶ
765 2319 960 2400 praepositio
982 2317 1067 2399 apud
1087 2317 1287 2398 posteriores

196 2425 384 2505 scriptores,
412 2425 556 2506 inprimis
576 2425 757 2505 Dionysium
782 2425 1106 2500 Halicarnassensem,
1134 2430 1287 2507 usurpate

97 2605 98 2608 ρ
196 2533 336 2613 reperiri
365 2539 560 2609 memoratus·¹
584 2531 626 2594 cf.
652 2532 756 2612 Etym.
783 2533 828 2596 Μ.
857 2551 890 2612 p.
909 2515 982 2594 chs.
1013 2523 1202 2606 σονίζιισις,
1233 2521 1286 2593 ὄτι

199 2626 371 2716 σονιζοὶνει
397 2628 439 2700 τὸ
467 2628 504 2702 ἓν
533 2637 673 2722 φωνῆεν
703 2630 979 2718 καὶ-συνάγεται
1004 2638 1065 2702 καὶ
1095 2627 1287 2713 καθέζεται

197 2741 439 2830 κρυπτόμενον
462 2741 521 2808 ἐπὶ
544 2751 605 2808 τοῦ
626 2738 746 2826 ἑτέρου
770 2733 981 2830 φωνήεντος.
1050 2736 1054 2744 ’

281 2841 583 2918 Μακεδονικὸν
604 2845 937 2968 ἑπικεκλιγγιὲνον
958 2843 1130 2918 κόλπον.
1174 2851 1289 2914 sarrs-

198 2964 249 3026 cis
270 2959 498 3024 assentiendum
513 2966 571 3037 est,
593 2961 659 3039 qui,
679 2977 773 3039 quum
794 2959 826 3020 in
847 2959 960 3024 codice
974 2951 1194 3041 καλούμενον
1215 2957 1289 3022 ε’πι-

199 3059 405 3155 κεκλιγμὲνον
433 3067 623 3142 inveniret,¹
641 3065 774 3128 alterum
804 3065 883 3128 illud
914 3061 974 3153 (nl
993 3067 1127 3148 glossam
1147 3085 1212 3129 non
1233 3085 1291 3128 ne·

200 3165 390 3259 cessariam)
412 3172 569 3253 expunxit.
612 3173 796 3252 Quanquam
808 3173 964 3254 suspicari
978 3191 1142 3254 possumus
1163 3168 1291 3237 καλού-

199 3297 306 3366 μενον
327 3285 402 3359 pcst
414 3270 512 3342 ’Ἄθω
525 3277 692 3358 eliquando
713 3278 821 3342 sedam
836 3279 993 3357 habuisse,
1013 3277 1110 3360 idque
1124 3296 1165 3342 en
1179 3283 1293 3362 magis,

201 3405 264 3466 qno
300 3387 454 3448 minorem
482 3386 550 3448 seri
578 3386 717 3467 speciem
744 3385 840 3450 habet
871 3405 1047 3468 quenqusm
1075 3389 1291 3472 necessarium

195 3492 374 3575 judicasse,
395 3482 664 3579 ἐπιπεπλεγμένον
684 3493 787 3573 glossa
806 3493 974 3557 illustrare.

285 3595 483 3681 πλαγίαν.
531 3598 624 3678 Quod
651 3597 705 3664 bic
726 3600 854 3662 exhibet
884 3601 984 3664 codex
1014 3607 1048 3664 et
1072 3599 1159 3682 quod
1180 3619 1291 3664 cnsnes

202 3709 333 3788 praeter
354 3703 490 3768 (inillam
517 3705 673 3784 editores,
701 3708 795 3771 etiam
823 3707 1057 3773 recentissimus
1076 3707 1292 3786 Buttmannns,

201 3813 405 3894 vulgaverunt
424 3807 593 3894 πελαγίαν
622 3831 693 3876 cum
714 3813 817 3878 Gailio
847 3833 916 3878 eam
935 3817 1132 3900 potissimum
1153 3817 1195 3878 ub
1217 3835 1291 3878 can·
1357 3859 1358 3884 ι

203 3937 267 3984 sam
297 3919 427 3982 tolerari
453 3937 515 3982 non
540 3937 636 3999 passe
666 3939 798 4001 censeo,
826 3922 911 4003 quod
936 3942 976 3986 ec
1002 3925 1094 3986 leuen
1122 3923 1289 4008 παραθα·
1357 3901 1358 3906 ¹

134 4109 139 4118 ρ
205 4017 354 4088 taccias
377 4027 483 4106 potins
511 4025 679 4090 dicendum
700 4027 797 4092 luisse
819 4029 944 4092 videtur
957 4033 999 4094 'et
1020 4031 1105 4112 qnod
1126 4020 1291 4112 πελάγιος

204 4131 327 4196 nonnisi
357 4131 398 4192 dc
418 4133 544 4209 insulis,
574 4135 713 4216 scopulis
734 4143 796 4200 etc.
824 4137 858 4202 in
878 4136 941 4200 alto
966 4140 1046 4200 mari
1065 4119 1179 4219 positis
1200 4161 1291 4206 usur-

206 4248 314 4320 patum
340 4241 501 4322 reperitur
531 4241 572 4306 cl.
594 4244 696 4312 Strab.
723 4247 783 4329 111,
808 4269 840 4331 p.
861 4249 922 4314 los
950 4245 1017 4336 (de
1036 4246 1197 4334 Pityusis)
1224 4243 1291 4310 εἱοὶ
