2728 4720
481 325 851 406 *483*-

118 520 186 582 tola
206 537 245 581 ea
264 513 415 600 regione,
428 529 432 538 '
444 521 477 583 ln
500 539 560 600 qua
581 521 675 584 etiam
696 523 834 587 nonnulli
855 523 981 588 barbari
1002 527 1114 608 populi
1134 543 1210 592 oon·

117 625 268 688 aederaut
288 646 306 686 a
326 625 481 690 Strabone
507 629 530 690 l.
551 628 622 705 Vll,
650 649 682 710 p.
703 629 764 690 321
787 649 857 711 aqq.
884 635 1051 712 recensiti,
1081 656 1210 718 ιιιιςιι-

117 735 199 814 phee
227 741 338 798 auctor
360 735 498 799 Graecae
518 739 730 800 tantummodo
750 748 861 820 gentes
882 752 1122 823 commemorat,
1152 747 1211 810 aed

116 843 191 906 ideo
219 865 282 908 uon
314 845 507 908 crediderim
543 865 618 909 eam.
643 847 889 930 descriptionem
920 871 959 914 ex
994 853 1210 934 antiquiorlmo

103 946 205 1014 'fonte
226 955 395 1034 repetitam
418 972 496 1014 esee.

199 1077 243 1121 ιι.
264 1061 317 1122 Ah.
338 1062 399 1140 Qui
419 1061 481 1122 hoc
503 1079 614 1137 rereu,
636 1061 677 1124 de
698 1063 791 1146 cnjua
808 1065 944 1145 peoeimo
966 1065 1074 1130 habitu
1096 1067 1171 1132 alibi
1192 1089 1211 1132 a

114 1185 167 1230 me
189 1166 379 1248 disputatum
409 1173 459 1230 eat
485 1174 518 1230 et
540 1167 581 1230 de
602 1170 692 1251 cujus
712 1170 849 1234 lectione
876 1172 909 1234 id
931 1193 1025 1236 uuum
1053 1194 1134 1238 nunc
1155 1173 1210 1238 ad·

104 1275 195 1338 dere
215 1277 295 1339 lihet
317 1277 401 1356 quod
423 1297 483 1357 pro
504 1271 677 1354 ἐνταῦθα,
698 1281 822 1361 vulgata
843 1283 1018 1363 rcriplura,
1042 1282 1210 1347 Vulcaniuu
1331 1269 1332 1272 Ἴ

115 1380 278 1448 ἐντεῦθεν
301 1380 486 1467 proposuit,
516 1391 751 1451 commemorati
778 1396 850 1452 eunt
871 1392 1073 1473 Amphilochi
1093 1413 1112 1454 a
1132 1393 1210 1485 Sop-

113 1494 202 1571 lace,
232 1495 365 1575 Ephoro
387 1495 471 1576 apud
493 1495 697 1575 Strabonem,
730 1497 831 1560 Plinio
853 1506 886 1560 et
906 1501 1065 1581 Stephano
1086 1502 1119 1564 lu
1139 1503 1210 1582 lpea

115 1605 291 1666 Acarnania
312 1604 508 1666 collocantur
530 1605 572 1666 cf.
594 1607 688 1668 etiam
709 1600 931 1688 Thucydidem
952 1609 997 1686 ll,
1026 1609 1077 1673 68.
1101 1629 1209 1676 caueae
1302 1622 1306 1630 ’

115 1720 344 1792 exponentem,
366 1713 477 1792 quinne
499 1713 575 1774 moti
597 1713 817 1794 Amphilochi,
840 1733 917 1794 quoa
939 1717 1126 1796 ceteroquin
1148 1737 1208 1798 pro

113 1821 266 1901 cingulari
294 1812 388 1901 gente
418 1821 616 1896 considerat,
655 1841 852 1902 quorumque
882 1826 1043 1904 regionem
1078 1824 1209 1904 Amphi-

112 1928 247 1989 lochiam
270 1933 441 2008 nuncupat,
461 1919 675 1990 Acarnanihue
695 1947 765 1990 eece
788 1928 943 1990 dederint.
985 1930 1080 2009 Apud
1099 1933 1208 2012 Scpm·

113 2050 186 2097 num
209 2044 312 2098 eutem
334 2037 447 2098 Chium
470 2055 512 2096 va.
529 2035 592 2098 454
613 2055 692 2116 sqq,
714 2056 815 2116 aeque
836 2044 930 2116 atque
952 2037 1036 2118 apud
1058 2046 1208 2117 nostrum,

113 2145 250 2225 primum
266 2143 440 2220 Ambracia,
463 2143 579 2204 deiude
600 2145 702 2224 Argoa
716 2143 991 2224 Amphilochicum
1014 2152 1047 2208 et
1069 2147 1207 2227 denique

111 2253 507 2326 Acamaniareoeneetur,
537 2250 578 2312 de
607 2253 693 2332 Argo
714 2269 790 2312 vero
812 2251 1055 2332 Amphilochico
1086 2253 1206 2318 haecce

114 2358 326 2420 disseruntur:
360 2347 423 2420 εἶτ’
447 2349 693 2442 Ἀμφιλοχικὸν
713 2350 842 2440 Ἀργος
868 2348 1070 2441 λεγόμενον.
1099 2367 1205 2424 τοῦτο

113 2455 153 2527 δὲ
173 2465 287 2528 κτίσαι
315 2465 416 2535 δοκεῖ
437 2459 646 2550 Ἀμφιλοχος
676 2455 748 2540 υίὸς
774 2457 1002 2550 Ἀμφιαράου
1032 2458 1206 2550 μάντεως.

112 2573 311 2656 Thucydldie
333 2593 425 2654 quem
448 2575 541 2636 citavi
561 2575 650 2636 locun
670 2574 724 2636 hic
746 2581 812 2634 ectr
834 2567 958 2656 Ἀργος
979 2563 1021 2638 τά
1041 2570 1206 2662 Ἀμφιλο·
1296 2603 1314 2660 ,J

113 2671 211 2765 χικδν
231 2685 288 2746 καὶ
307 2675 533 2767 Ἀμφιλοχίαν
554 2671 616 2767 τήν
637 2675 743 2768 άλλγν
765 2675 876 2744 ἔκτισε
894 2673 982 2768 μετά
1004 2673 1049 2746 τά
1068 2676 1205 2766 Τρωϊκά
1284 2721 1290 2742 ι,

115 2781 234 2853 οἴκαδε
263 2783 500 2872 ἀναχωρήσας
526 2787 585 2850 καὶ
614 2783 675 2852 οὐκ
703 2779 942 2874 ἀρεσκόμενος
970 2791 1011 2877 τῇ
1040 2785 1076 2856 ἑν
1092 2791 1206 2877 Ἀργει

113 2889 327 2963 καταστάσει
346 2891 554 2985 Ἀμφίλοχος
587 2889 607 2959 d
627 2885 824 2985 Ἀμφιάρεω
853 2892 889 2961 ἑν
910 2897 962 2980 τῷ
979 2896 1207 2985 Ἀμπρακικῷ

113 2997 255 3088 κόλπῳ,
289 2999 477 3092 ομιόνυμον
498 2995 541 3088 τή
561 3001 686 3066 ἑαυτοῦ
708 3003 853 3084 πατρίδι
866 2997 991 3088 ’Ἀργος
1013 2993 1207 3094 ὀνομάσας.
1342 3092 1344 3095 ¹

113 3115 227 3177 Strabo
253 3113 364 3175 eadem
386 3113 426 3173 de
447 3113 574 3174 civitate
594 3112 616 3173 l.
637 3111 711 3187 Vll,
740 3131 773 3192 p.
792 3111 856 3172 825
877 3111 964 3175 haec,
977 3114 1089 3178 hahet:
1117 3109 1205 3204 μετὰ

114 3215 154 3282 δὲ
169 3209 231 3308 τήν
251 3215 461 3306 Ἀμβρακίαν
477 3209 518 3280 cd
529 3209 654 3301 Ἀργυς
667 3214 740 3310 ἐστὶ
754 3207 796 3279 τὸ
808 3209 1065 3304 Ἀμφιλοχικόν,
1079 3219 1207 3309 κτίσμα
1334 3265 1335 3268 =

112 3323 347 3404 Ἀλκμαίωνος
376 3327 436 3390 καί
466 3331 536 3390 τοῖν
568 3314 716 3390 παίδων.
755 3317 912 3409 Ἔφορος
940 3317 1004 3411 μὲν
1034 3313 1096 3394 οὖν
1124 3325 1207 3418 ppei

114 3425 178 3500 τὸν
191 3427 411 3520 Ἀλκμαίωνα
425 3423 510 3522 μετά
528 3424 590 3516 τήν
603 3423 795 3516 Ἐπιγόνων
809 3430 870 3504 ι’πί
884 3425 945 3507 τάς
965 3429 1207 3524 ephan-cvpa-

1 3559 5 3563 ’
113 3544 218 3620 τείαν,
234 3531 509 3628 παρακληθέντα
525 3531 593 3607 ὑπὸ
609 3536 819 3630 Διομήδους,
843 3538 1020 3611 συνελθεῖν
1036 3543 1084 3620 εἰς
1096 3544 1207 3614 Alcm-
1281 3561 1284 3568 ⁴

112 3645 192 3716 λίαν
220 3647 318 3732 αὐτῷ
347 3651 407 3715 καί
440 3639 795 3734 συγκατακτήσαοδαι
828 3638 957 3736 ταύτην
988 3669 1025 3714 τε
1051 3636 1209 3744 Ικαι“”-τήν

114 3752 365 3839 Ἀκαρνανίαν·
387 3752 583 3834 καλοῦντος
604 3755 636 3820 δ’
659 3741 787 3832 nicode
808 3753 864 3821 ἐπί
885 3748 952 3822 τὸν·
967 3751 1123 3844 Τρωϊκόν
1145 3755 1210 3826 πά-

113 3860 220 3948 λιμον
239 3857 513 3950 Ἀγαμέμνονος,
540 3854 602 3927 τόν
622 3853 685 3953 μὲν
708 3853 868 3953 Διομήδη
891 3865 1125 3954 πορευθῆναι·
1149 3861 1210 3935 τὸν

115 3965 149 4035 δ’
169 3969 392 4058 Ἀλκμαίωνα
413 3971 580 4063 μείναντα
603 3967 638 4037 ἑν
660 3968 921 4060 τῇἈκαρνοινίᾳ
941 3963 982 4036 τὸ
999 3967 1122 4058 Ἀργος
1141 3973 1240 4066 zet-'-

117 4095 193 4144 σαι·
215 4075 360 4146 καλέσαι
381 4080 414 4145 δ’
432 4079 525 4167 Ἀμφ
539 4072 682 4166 λογικὸν
705 4075 892 4164 ἐπώνυμον
913 4087 977 4144 τοῦ
999 4076 1212 4168 άδελφοῢ-
1309 4072 1327 4138 ss

120 4190 337 4278 Θουκυδίδης
366 4184 408 4254 δι’
439 4209 541 4277 φησιν
572 4180 680 4280 αάγδν
704 4183 921 4276 Ἀμφίλοχον
952 4178 1042 4274 μετά
1073 4180 1136 4276 τήν
1164 4189 1209 4256 'dx
1328 4195 1330 4198 ’

121 4291 250 4382 Τροίας
271 4293 450 4366 ἐπάνοδον
471 4297 755 4382 δυσαρεστοῦντα
779 4305 854 4374 τοῖς
882 4295 919 4362 ἐν
942 4289 1059 4380 Ἀργει
1079 4291 1211 4384 tropei·

915 4406 1003 4485 31*
