2716 4724
328 254 899 330 .ι-··-916”--

166 455 239 520 loco
258 471 327 516 rem
347 452 454 534 potius
485 403 555 512 casa
584 447 655 512 cum
677 447 861 512 Atheniensi
874 443 988 510 ltlrodl
1007 447 1153 508 versante
1173 442 1265 522 lllao-
1344 491 1345 540 ι

167 564 294 643 diisque
314 581 376 624 uon
399 560 499 622 solum
519 557 560 620 olo
581 557 785 638 plateaamum
806 555 972 630 Doricum,
1006 553 1064 615 aad
1090 558 1124 614 et
1151 553 1192 613 olo
1212 553 1266 614 ui-

166 665 264 733 mlum
284 669 366 732 Solis
387 667 506 728 cultum
531 663 705 741 irridente,
736 656 759 724 a
775 661 896 724 Naelio
927 666 1022 740 atquc
1044 659 1169 722 Oscnuc
1195 659 1267 740 jam

1232 223 1236 230 ι

121 855 123 858 ¹
167 797 265 858 supra
286 776 463 837 didicimus.
513 771 634 834 Gallius
662 769 703 830 de
731 769 793 832 lroo
819 768 890 829 loco
920 767 999 828 ullril
1025 766 1161 846 protulit
1181 766 1268 830 certi
1345 758 1346 778 ¹

164 883 281 966 judicii
302 887 397 960 atque
417 881 503 940 viros
523 877 635 939 doctos
655 875 824 950 incusavit,
861 871 946 952 quod
973 889 1014 933 eo
1040 871 1112 933 loco
1139 872 1268 951 singula

167 989 319 1051 vocabula
347 993 383 1048 ut
411 985 531 1065 aliquid
560 983 636 1045 iude
662 981 743 1044 lucis
771 979 941 1061 affulgeret
966 981 1010 1040 iu.
1029 995 1137 1040 omues
1162 979 1269 1042 facies

168 1101 340 1158 verterent.
381 1091 520 1155 Naelriua
541 1111 636 1172 qaum
656 1092 747 1152 initio
779 1089 820 1154 de
852 1075 962 1162 ἐτός,
997 1086 1150 1148 vocabulo
1178 1085 1270 1168 apud
1346 1089 1347 1118 ³

150 1205 281 1285 poetas
302 1203 440 1263 comicos
460 1201 536 1262 satis
556 1201 671 1262 usitato
693 1203 726 1260 et
740 1197 886 1282 profacto
899 1180 1107 1276 siguificaute,
1128 1196 1271 1275 cogitac-

170 1318 221 1372 aet
230 1309 427 1372 restituendo
437 1341 475 1354 -
489 1327 580 1388 quam
592 1309 746 1370 rationem
758 1312 793 1368 ut
802 1307 929 1388 misaam¹
942 1305 1075 1379 faceret,
1095 1305 1270 1366 verborum

172 1419 339 1483 collocatio
356 1435 417 1480 uon
430 1416 597 1481 admodum
610 1417 703 1479 solita
717 1417 874 1496 permovit
889 1447 927 1460 ·-
949 1415 982 1476 iu
996 1414 1134 1476 lecticuc
1154 1419 1270 1494 postea

172 1525 386 1607 Stephauiaua
421 1526 570 1588 substitit
618 1523 702 1587 Auni
737 1524 819 1584 euim
857 1522 969 1584 solaris
1003 1521 1291 1602 significationem
1347 1539 1348 1548 ¹

171 1633 280 1698 Rhodi
299 1635 376 1697 satia
396 1635 524 1713 antiqno
546 1639 692 1712 lampone
712 1633 746 1692 in
765 1649 824 1692 usu
844 1628 943 1692 luisse
964 1629 1147 1711 conjiciens,
1169 1647 1272 1708 quau·

117 1727 122 1750 '
175 1760 269 1824 quam
289 1741 477 1822 plerumque
505 1727 699 1813 ἐνιαυτὸς
728 1731 941 1826 σεληνιακός,
978 1731 1120 1822 ἡλιακός
1140 1737 1271 1802 dicarc-

173 1857 245 1928 tur,
280 1851 369 1911 locos
389 1853 493 1909 ιιιιιιιι
514 1851 638 1908 exstare
659 1843 836 1921 adnotavit,
873 1846 987 1927 quibua
1013 1835 1092 1920 ἔτος
1112 1847 1157 1909 ita
1177 1865 1272 1908 usur-

174 1963 284 2040 patam
304 1956 575 2036 comprobaretur.
623 1953 757 2017 lliceudi
778 1958 881 2016 autem
900 1955 1054 2052 rationem
1082 1951 1272 2041 μαίνεσθαι
1349 2035 1350 2040 ¹

175 2069 283 2140 ποιεῖ,
304 2063 398 2125 sicuti
415 2059 584 2146 πνίγομαι
602 2077 728 2142 quoque
750 2067 784 2124 et
805 2080 885 2141 quae
906 2067 1126 2140 sequerentur,
1146 2065 1273 2126 cornice

177 2173 356 2234 affectatam
377 2190 447 2233 ease
467 2171 604 2232 monuit:
641 2169 768 2249 politam
796 2171 880 2232 cuim
909 2189 989 2232 anuo
1017 2159 1115 2232 solari
1142 2171 1272 2234 miulmc

178 2281 316 2342 omnium
338 2279 508 2354 delectari,
529 2278 587 2340 aed
607 2277 746 2340 irridere
769 2279 885 2358 potius,
908 2278 1168 2361 quemadmodum
1189 2283 1275 2360 pod-

163 2376 231 2450 'tae
260 2388 375 2450 comici
402 2386 486 2450 haud
515 2403 588 2446 raro
616 2403 768 2466 personas
796 2385 982 2464 proferrent
997 2385 1096 2448 rebus
1116 2387 1275 2468 ridiculis,

178 2495 315 2558 curiosis
336 2513 412 2574 quaa
432 2512 490 2556 uos
511 2493 643 2554 dicimus
664 2491 819 2558 basleti
839 2499 873 2554 et
893 2494 1017 2555 omuino
1031 2495 1120 2556 novis
1133 2496 1275 2575 gandea-

48 2645 51 2654 .
93 2645 97 2661 ·
179 2607 239 2666 tas.
280 2601 422 2681 Namque
442 2602 487 2662 ita
507 2601 599 2661 simul
619 2601 692 2662 lieri
713 2601 901 2678 arbitratur,
934 2608 971 2663 ut
996 2603 1087 2682 vigor
1111 2604 1177 2665 loci
1199 2605 1275 2666 dra-

179 2710 313 2772 maticus
334 2727 426 2789 quam
446 2709 578 2782 maxime
592 2714 754 2791 augeatur.
781 2706 967 2795 perluendas
981 2717 1083 2772 autem
1097 2713 1277 2792 ambiguam

179 2817 307 2880 laudem
334 2817 499 2878 continere
527 2816 670 2896 adnotat,
704 2824 741 2880 ut
769 2817 854 2899 apud
875 2817 1118 2898 Aristophanem
1145 2837 1277 2900 quoquc

180 2925 261 2988 llau.
281 2942 310 2986 v.
330 2923 393 2986 1⁰8
415 2914 453 2986 σλ
474 2916 513 2986 oi
533 2921 633 2987 ταῦτ’
657 2917 815 3006 ἀρέσκει,ι
847 2915 894 3012 μή
923 2914 1014 3010 ἀλλὰ
1034 2922 1131 2991 πλεῖν
1154 2913 1175 3012 ἢ
1195 2925 1276 3014 μαί-

181 3051 292 3116 νομαι
322 3025 452 3114 (lohel.
481 3032 521 3093 ad
546 3033 579 3093 ln.
604 3033 627 3093 i.
656 3025 847 3122 τουιέστιν,
887 3020 1183 3116 ὑπερβαλλόντως
1212 3055 1277 3120 μοι

181 3134 357 3225 ἀρέσκει.)
380 3149 414 3202 at
433 3158 461 3200 v.
482 3138 560 3216 vol,
579 3139 634 3202 ubi
647 3141 818 3222 Berglerus
839 3159 878 3201 eo
900 3141 941 3202 de
962 3143 1059 3204 verbo
1081 3145 1278 3224 exposuerit.

182 3250 282 3328 Quam
301 3247 415 3310 Naclil
436 3247 678 3332 explicationem
704 3255 817 3329 utpote
845 3251 958 3311 comici
984 3250 1056 3312 loco
1084 3253 1278 3332 aptissimam

182 3373 305 3418 omnem
332 3355 508 3438 amplector
535 3373 640 3435 ucque
667 3355 823 3418 0canuum
852 3375 969 3436 sequor
998 3363 1205 3437 statuentem,
1243 3361 1277 3423 in

181 3480 277 3524 vcrau
299 3469 411 3542 quarto
431 3463 511 3526 nihil
531 3447 696 3544 ambiguis
722 3461 824 3527 laudis
850 3465 973 3541 inesse,
1010 3453 1067 3526 sed
1097 3472 1217 3527 certam
1243 3471 1278 3528 et

178 3570 295 3652 juetam
322 3571 592 3651 vituperationem.
631 3571 677 3633 Ut
698 3573 782 3634 euim
800 3571 887 3633 haud
906 3573 1087 3652 negaverim
1105 3576 1279 3656 μαίνομαι

110 3721 113 3726 -
183 3695 256 3740 earu
276 3679 453 3740 iucensam
473 3679 622 3761 usurpari
649 3680 810 3759 potuisse,
847 3680 893 3740 ila
921 3679 1147 3760 elegantiorem
1175 3671 1295 3744 multo*

181 3792 324 3849 nomm
352 3787 456 3850 locum
482 3805 646 3850 evasurum
674 3806 744 3849 ease
772 3805 887 3849 causeo
914 3787 1029 3850 Nuelrii
1050 3786 1278 3852 illustratione.

184 3893 376 3976 llocjectura
395 3913 473 3956 vero
489 3895 605 3958 Oaauui
626 3915 687 3977 pro
709 3889 788 3971 ἔτος
808 3895 873 3976 legi
894 3913 988 3975 possa
1010 3885 1089 3970 ἰ’δος
1110 3897 1279 3959 statuentia

184 4021 360 4084 quanquam
384 4004 565 4066 acutissima
594 4023 655 4066 uec
689 4023 751 4066 uon
782 4003 1012 4084 elegantissima
1041 4021 1113 4065 ease
1142 4009 1280 4084 apparet

184 4129 253 4172 earu
282 4117 385 4196 umen
416 4112 466 4174 ob.
486 4129 610 4173 cansam
636 4114 739 4190 miuus
759 4109 932 4191 probabilis
953 4129 1022 4172 ease
1042 4111 1120 4172 milri
1141 4110 1280 4190 videtur,

185 4221 270 4302 quod
301 4218 452 4304 adjectivi
482 4210 633 4286 ἀλιακόν
663 4219 735 4286 loco
771 4239 842 4320 enm
876 4219 910 4284 iu
940 4237 1065 4285 seusam
1094 4219 1195 4304 magia
1226 4237 1282 4284 ex·
