2728 4720
523 299 977 420 ····--ddfi*··*†··¹

162 491 326 576 Scylacem
347 493 556 572 desideratur,
569 495 702 558 Phileas
722 496 910 560 sententiam
930 501 965 558 et
984 497 1110 562 omnino
1132 501 1257 580 opinio·

159 621 236 666 rrum
258 603 298 664 de
320 604 461 666 Helladis
480 605 596 666 finibus
619 605 834 668 diversitatem
854 611 1029 667 memorat:
1065 605 1113 668 be
1135 609 1257 689 populo

163 715 218 793 qui
238 705 390 793 Ὀρεῑται
415 713 466 774 vcl
495 718 530 774 ut
557 713 684 776 videtur
702 705 863 796 Ὀρέσται
888 715 997 795 potius
1024 713 1143 777 dicitur
1171 717 1258 797 apud

160 821 323 901 Scylacem
348 819 428 882 nihil
456 821 590 902 legimur
620 821 659 882 ab
682 821 859 900 eodemque
880 822 1108 902 Amphilochos
1130 841 1258 885 corum·

161 948 224 1009 que
244 930 355 990 urbem
377 933 480 1010 Argos
501 931 746 1008 nonaeparatim
760 931 934 1007 recenseri,
954 929 1011 992 sed
1032 931 1114 993 hanc
1135 933 1169 993 in
1190 934 1260 1013 ipsa

159 1039 335 1102 Acarnania
373 1037 523 1098 collocari
559 1037 711 1098 videmus.
769 1039 858 1116 Quae
894 1039 1102 1100 Acarnaniam
1140 1039 1259 1102 deinde

159 1150 305 1224 spectant
324 1145 357 1204 in
380 1143 560 1224 anagraphe
582 1143 777 1216 brevissime,
799 1143 964 1223 aScylace
985 1164 1062 1206 vero
1082 1147 1183 1206 multo
1206 1165 1259 1208 ac·

159 1251 299 1313 curatius
321 1253 464 1331 exposita
485 1257 566 1326 aunt,
587 1253 670 1312 sicut
690 1253 724 1312 in
745 1255 926 1334 anagraphc
947 1273 1052 1334 neque
1073 1254 1114 1315 de
1127 1255 1260 1336 Alyaea,

156 1359 275 1422 Actaeo
303 1366 336 1420 et
357 1359 506 1420 Oeniadir
533 1359 665 1421 urbibus
691 1368 797 1440 neque
826 1361 867 1422 de
888 1362 992 1424 carno
1024 1361 1126 1425 insula
1152 1382 1259 1442 neque

158 1464 202 1528 de
229 1468 368 1548 egregiis
390 1467 584 1528 Acarnaniae
610 1469 766 1548 portubus
796 1469 968 1549 quidquam
988 1469 1116 1551 legitur.
1159 1470 1259 1533 lichi-

157 1573 257 1638 nades
286 1583 390 1638 autem
418 1576 556 1653 insulae,
589 1596 665 1656 quas
686 1577 800 1657 Scylax
821 1577 1016 1648 Acarnaniae
1047 1577 1259 1661 descriptioni

158 1681 322 1764 adjungit,
353 1683 392 1746 ab
423 1685 619 1766 anagraphes
643 1692 774 1746 auctore
794 1687 938 1748 Aetoliae
967 1685 1195 1766 adnectuntur,
1226 1695 1260 1750 el

157 1791 341 1872 Naupactus
364 1795 589 1874 qnam-Scylax
610 1793 754 1856 Aetoliae
782 1797 972 1875 assignatio
993 1795 1175 1878 anagrapbe
1196 1797 1259 1858 Lo·

158 1899 244 1962 cridi
272 1907 466 1962 accensetur.
507 1901 688 1976 lnAetolia
719 1899 929 1966 describenda
960 1907 1096 1982 uterquc
1117 1905 1260 1984 scriptor

83 2001 87 2008 ’
158 2006 350 2087 Calydonem
371 2016 534 2086 memorat,
554 2009 742 2071 Pleuronem
763 2015 868 2072 aulem
891 2029 963 2085 cum
980 2007 1144 2072 Minervae
1166 2031 1259 2075 sacro

158 2115 226 2178 sola
252 2117 434 2197 anagraphe
463 2117 611 2192 exhibet,
642 2136 736 2196 quum
766 2124 878 2179 contra
898 2118 1011 2198 Scylax
1031 2119 1164 2198 insuper
1185 2119 1259 2200 My·

157 2241 303 2300 sarnam,
332 2225 526 2304 Molycream
548 2225 662 2286 alterat
683 2232 716 2286 et
742 2227 855 2288 multas
876 2227 972 2288 urbes
995 2227 1116 2288 Aetolis
1137 2229 1171 2290 ln
1192 2247 1260 2290 me·

159 2330 341 2396 diterranea
371 2336 513 2414 ipsorum
541 2336 673 2413 regione
696 2354 765 2400 erse
796 2333 891 2398 dicat.
944 2335 992 2398 lle
1012 2336 1150 2398 Locride
1172 2337 1260 2400 inter

157 2449 283 2504 nostros
311 2443 486 2522 scriptores
513 2443 592 2505 nihil
614 2445 778 2522 convenil,
810 2445 871 2511 nisi
898 2443 983 2525 quod
1014 2443 1085 2526 ejus
1111 2450 1260 2532 praeler-

157 2551 316 2630 navigatio
337 2569 355 2611 a
375 2549 507 2630 Scylace
529 2550 654 2614 dimidii
675 2552 741 2614 diei
764 2553 850 2614 etin
871 2552 1052 2634 anagraphe
1073 2571 1136 2615 non
1157 2553 1259 2616 totius

158 2655 225 2720 diei
247 2677 316 2720 esse
337 2660 494 2722 statuitur.
536 2661 686 2724 Ceterum
701 2661 814 2741 Scylax
836 2680 891 2724 eos
911 2661 1031 2723 Locros
1045 2661 1158 2722 Ouolas
1180 2681 1260 2742 cog·

157 2768 333 2830 nominatos
355 2787 528 2850 eorumque
549 2771 645 2833 urbes
665 2771 878 2832 Euanthidem
900 2775 933 2832 et
953 2771 1161 2850 Amphissam,
1183 2789 1259 2832 ana·

156 2874 299 2956 graphes
328 2882 439 2938 auctor
467 2877 665 2958 Naupactum
692 2882 726 2939 ct
746 2877 966 2958 Tolophonem
994 2875 1089 2938 urbes
1110 2877 1259 2939 fluvium-

158 3001 222 3064 que
251 2983 444 3064 llylaethum
473 2985 577 3049 relert
605 2992 638 3047 et
667 2993 836 3067 praeterea
860 2985 986 3048 ¹Locros
1013 2985 1088 3047 olim
1119 2983 1258 3068 Leleges

155 3087 261 3154 dictos
287 3092 386 3154 fuisse
413 3091 553 3154 adnotat.
596 3093 690 3157 Quod
712 3093 752 3154 ad
772 3091 964 3169 Phocidem,
994 3091 1035 3154 de
1056 3091 1258 3174 longitudine

157 3198 228 3282 ejus
253 3178 435 3280 provinciae
456 3199 758 3282 praeternavigando
786 3199 964 3262 emetienda
993 3198 1091 3261 iidem
1111 3200 1199 3261 inter
1219 3217 1259 3264 se

157 3309 374 3384 consentiunt,
403 3309 436 3371 in
463 3307 580 3369 ceteris
610 3313 714 3369 autem
742 3301 827 3368 inter
855 3325 891 3369 ae
918 3308 963 3368 ita
992 3305 1191 3386 discrepant,
1218 3313 1258 3368 ut

157 3411 272 3494 Scylax
299 3417 378 3477 nihil
398 3417 458 3479 nisi
480 3436 623 3498 campum
645 3415 832 3480 Cirrhaenm
858 3410 922 3504 (eo
946 3415 1028 3476 enim
1049 3415 1144 3488 rnodo
1161 3413 1256 3494 -quod

156 3523 253 3603 vulgo
273 3525 391 3605 legitur
413 3519 595 3608 Κουραῑον
618 3522 740 3588 πεδίον
761 3523 985 3586 immutandum
1007 3520 1091 3608 est),
1110 3523 1257 3604 Delphos

158 3630 272 3690 urbem
294 3638 418 3692 etcum
440 3635 588 3714 egregrio
610 3633 775 3694 helleboro
797 3632 998 3710 Anticyram,
1018 3635 1127 3692 noster
1148 3637 1256 3692 autern

156 3738 298 3818 scriptor
320 3747 487 3818 praeterea
507 3742 707 3812 Parnassum,
729 3739 898 3818 Corycium
920 3743 1042 3824 antrum
1063 3744 1097 3799 et
1117 3737 1257 3818 Cephis-

72 3885 74 3891 =
158 3863 228 3910 snm
255 3847 382 3908 fluvium
410 3857 571 3910 resenseat
600 3855 633 3910 et
662 3849 756 3910 urbes
788 3849 1011 3928 Cyparissum,
1041 3845 1199 3908 Larissam
1221 3852 1256 3907 et
1359 3897 1360 3956 3

157 3949 323 4017 Daulidem
345 3955 467 4029 afferat,
489 3975 583 4035 quum
606 3951 706 4016 alterd
721 3954 859 4034 Scylacis
880 3953 963 4030 loco,
984 3951 1039 4014 ubi
1054 3953 1095 4013 dc
1109 3951 1254 4014 Phocide

156 4059 275 4124 lterum
296 4081 400 4124 sermo
421 4070 489 4139 est,
518 4063 710 4138 Thronium,
736 4061 878 4137 Cnemis,
900 4061 1010 4122 Elatea
1032 4066 1064 4121 ct
1081 4059 1255 4141 ⁸Panopeus
1359 4059 1360 4134 l

113 4253 118 4269 .
157 4179 383 4232 memorentur.
437 4171 472 4233 ln
500 4172 632 4234 Boeotia
670 4171 879 4234 describenda
914 4167 1112 4252 anagraphes'
1141 4175 1255 4230 auctor

57 4307 59 4312 ·
157 4277 259 4341 multo
278 4278 470 4362 locupletior
491 4284 540 4344 est
558 4278 710 4362 Scylace,
739 4281 794 4362 qui
823 4278 865 4346 de
885 4295 924 4346 ea
943 4277 1109 4364 provincia
1130 4274 1254 4344 dnobus
