2718 4726
100 938 149 1032 8)
185 945 239 1008 De
265 944 505 1026 fragmento,
542 945 608 1006 cni
637 935 866 1031 ἀναγραφὴ
893 943 966 1029 τῆς
988 935 1191 1016 Ἑλλάδος

196 1052 453 1127 inscribitur,
479 1049 724 1113 Dicaearcho
747 1051 838 1113 olim
860 1050 1099 1134 adjudicata.

187 1235 254 1296 dam
275 1253 371 1314 supra
400 1234 453 1296 ubi
481 1233 522 1294 de
543 1233 718 1314 fragmento
747 1223 938 1318 ἀναγραφὴ
966 1231 1030 1294 τοῦ
1060 1225 1190 1318 Πηλίου

103 1331 213 1424 ὄρους
234 1343 388 1420 inscripto
411 1339 632 1414 disseruimus,
654 1358 761 1402 causas
777 1339 868 1402 simui
889 1341 1098 1420 exposuimus,
1122 1342 1193 1419 qui·

102 1450 162 1510 bns
183 1450 260 1510 moti
281 1464 473 1528 magnopere
495 1445 688 1522 dubitamus,
713 1465 785 1508 num
811 1447 863 1508 hic
893 1453 926 1508 et
955 1453 1063 1508 noster
1083 1446 1193 1508 tituiua

102 1545 296 1638 ἀναγραφὴ
324 1553 383 1642 τῆς
410 1545 579 1627 Ἑλλάδος
606 1555 669 1634 ipsi
696 1552 889 1617 Dicaearcho
915 1552 1095 1616 vindicandi
1121 1554 1194 1616 sint.

101 1665 219 1744 Neque
239 1664 328 1725 nobis
343 1661 506 1738 arridebit,
526 1661 611 1723 nulio
633 1661 725 1740 piane
746 1661 925 1724 testimonio
941 1659 1026 1740 qnod
1046 1660 1096 1722 rei
1119 1677 1194 1740 poa·

102 1773 146 1834 sit
165 1771 313 1834 edrooari
327 1768 509 1845 secedente,
531 1770 714 1850 conjectura
735 1787 796 1848 qua
816 1767 1040 1830 Dicaearchum
1060 1769 1194 1850 amplius

104 1873 263 1953 quoddam
300 1893 380 1954 opus
407 1874 615 1956 geographici
643 1876 818 1955 argumenti
854 1877 1066 1954 composuisse
1094 1875 1193 1955 idque

102 1982 200 2044 simili
228 1980 340 2056 modo,
368 1998 430 2060 quc
452 1979 658 2042 callimachus
687 1979 862 2042 literarium
890 2000 979 2044 suem
1006 1981 1194 2063 significarit

104 2077 296 2173 οἱναγραφῆ
327 2093 396 2150 τοῖν
429 2079 643 2172 δραμάτων,
677 2088 877 2168 inscripsisse
905 2095 1075 2152 statuamus
1104 2083 1190 2152 α’να·

103 2187 224 2278 γραφή
246 2196 318 2258 coin
336 2193 444 2278 ὀροῖν,
464 2195 653 2277 ποταμοῖν,
674 2188 814 2261 πόλεων
835 2213 866 2258 κ.
882 2217 912 2260 r.
925 2191 966 2270 λ,
988 2215 1091 2278 neque
1109 2199 1193 2262 iuter

103 2305 166 2365 alia
185 2301 293 2380 multa,
315 2321 395 2382 quae
409 2303 546 2384 proponi
568 2310 709 2382 possent,
730 2302 898 2383 quidquam
920 2305 982 2366 erit
1003 2303 1087 2384 quod
1107 2323 1193 2388 mag·

103 2431 175 2472 nam
203 2412 271 2472 reri
291 2413 432 2490 speciem
454 2427 532 2489 prae
552 2427 588 2471 se
609 2407 701 2472 ierat
753 2410 817 2476 Sed
846 2411 907 2492 ism
934 2411 1084 2477 iaciamus
1104 2411 1193 2476 iiiurn

103 2519 228 2582 titulum
251 2537 289 2580 eo
311 2537 420 2594 sensu,
451 2524 485 2580 ut
505 2516 751 2598 descriptionem
771 2519 927 2584 ‚Graeciae
947 2520 1122 2600 significet,
1153 2521 1192 2584 ab

103 2631 176 2706 ipso
197 2627 390 2688 Dicaearcho
411 2626 573 2707 proficisci
596 2629 753 2706 potuisse,
775 2629 953 2708 quaeritur,
974 2647 1105 2710 quanam
1127 2647 1193 2692 orn·

104 2735 178 2794 nino
201 2741 330 2795 externa
350 2734 538 2796 auctoritaie
560 2751 650 2796 omne
672 2733 733 2794 boc
747 2733 955 2812 fragmentum
977 2737 1008 2796 ei
1026 2735 1193 2798 tribuatur.

104 2839 139 2900 iu
160 2839 273 2901 codice
295 2859 312 2900 a
333 2838 483 2928 Dnddaeo
503 2846 645 2920 reperto,
664 2859 702 2902 ex
724 2839 844 2918 quoii.
865 2838 1042 2921 Stephanus
1063 2848 1097 2903 et
1117 2861 1193 2922 pro·

103 2947 222 3008 saicum
253 2953 286 3008 et
306 2947 447 3010 versibus
474 2947 678 3027 compositum
705 2945 913 3028 fragmentum
939 2948 1060 3026 primus
1080 2947 1193 3024 edidit,

104 3051 290 3114 Dicaearchi
313 3071 426 3117 nomen
445 3058 616 3132 nosterque
639 3053 746 3116 titulus
760 3053 918 3133 praefixus
937 3052 1036 3118 inisse
1056 3053 1192 3131 ridetur,

95 3151 183 3223 ‚nihii
205 3168 308 3223 autern
328 3161 412 3222 aiind
434 3161 621 3238 indicatum,
648 3160 731 3238 upde
753 3160 794 3223 de
816 3180 924 3224 eorum
945 3161 1193 3243 fragmentorum

105 3269 231 3350 origiue
252 3276 342 3330 certo
365 3270 481 3352 conjici
505 3277 622 3350 posset.
641 3265 675 3353 ¹)
717 3271 750 3332 iu
766 3269 854 3332 iibro
875 3289 950 3347 ma,
972 3271 1027 3350 qui
1044 3269 1193 3338 ueneni

103 3378 178 3438 oiim
199 3376 319 3448 iuerat,
349 3396 430 3440 nunc
452 3377 638 3438 Monacbiae
659 3384 727 3454 est,¹
754 3377 850 3438 rubro
872 3377 980 3440 colore
1000 3378 1109 3440 titulus
1130 3375 1190 3440 Λι-

104 3477 253 3562 καιάχου
276 3476 466 3571 eisarnam>
497 3506 525 3546 r.
549 3477 638 3548 Ἑλλ.
666 3492 774 3548 nostro
795 3484 971 3566 fragmento
992 3485 1192 3568 praepositus

104 3597 136 3652 et
162 3593 193 3652 in
215 3591 278 3654 fine
299 3591 438 3656 additum
458 3575 575 3674 iegitur
602 3581 700 3664 τέλος
721 3585 943 3672 Δικαιάρχου
973 3587 1190 3679 ἀναγραφῆς.

103 3697 284 3776 Quanquam
305 3699 337 3760 in
360 3698 472 3760 eodem
493 3698 605 3760 codice
627 3715 734 3760 sersus
756 3698 810 3776 qui
831 3697 946 3760 Cretae
966 3704 1000 3762 et
1020 3697 1192 3778 cycladum

103 3803 343 3886 Sporadnmqne
358 3804 526 3870 insularum
542 3806 787 3886 descriptionem
802 3807 973 3884 continent,
993 3809 1075 3872 sicut
1095 3809 1190 3872 etiam

103 3915 177 3980 satis
206 3934 316 3996 magna
335 3917 474 3996 prosaici
501 3914 669 3996 fragmenti
689 3933 764 3994 pars
786 3913 1015 3978 desiderantur.
1029 3911 1067 4001 ²)
1108 3915 1190 3979 Num

104 4025 134 4086 iu
155 4025 272 4086 ceteris
286 4023 467 4100 codicibus,
491 4041 622 4102 quornm
644 4024 846 4104 perexiguum
868 4024 1009 4089 notitiem
1030 4023 1189 4100 babemus,

52 4115 55 4124 ’
104 4130 287 4194 Dicaearchi
318 4118 429 4194 nomen
461 4139 501 4196 et¹
521 4151 593 4194 num
614 4135 738 4194 omnino
771 4132 880 4196 titulus
900 4133 939 4194 iis
959 4133 1081 4197 luchiis
1102 4137 1189 4196 ante·

104 4240 243 4316 cesserit,
264 4242 437 4306 nescimus:
459 4240 496 4302 ab
520 4239 693 4302 editoribus
715 4241 796 4306 enim
818 4258 856 4302 ea
878 4239 917 4302 de
939 4257 975 4305 re
996 4237 1188 4320 piarentur
