2720 4724
543 239 1101 344 efflas—ff,

173 463 325 528 habiliter
346 459 524 544 conjicitur.
562 455 684 522 Eadem
703 451 925 541 lstslsricll
941 453 1186 523 etllnoddeckll
1205 456 1270 535 sl,

176 591 210 654 p.
232 569 302 633 189.
323 569 384 631 2⁰1
406 569 561 632 sententia
580 565 653 629 fnit
671 561 721 653 ¹³)
770 567 909 631 Primum
930 563 1014 628 enlm
1033 564 1200 656 ciceronis
1212 564 1271 654 ylo·

177 681 371 755 cusexstat,
402 677 456 757 qni
477 675 517 736 ad
538 673 694 757 ejusmodi
714 692 795 755 opus
815 674 866 736 vel
887 661 1043 756 ejusmodi
1063 672 1175 734 saltem
1193 671 1270 734 lite·
1348 673 1349 758 f

174 806 283 850 rarum
312 784 415 848 studia
444 781 631 846 Dicaearchi
660 783 837 844 rectissime
865 779 985 842 referri
1012 786 1122 862 potest
1151 778 1194 842 oi.
1227 777 1270 840 de

175 892 261 976 legg.
281 893 340 970 lll,
360 893 398 970 d,
420 892 476 976 14:
512 896 604 970 „post
624 891 811 952 Aristoteles
838 889 1006 951 illustravit
1034 891 1158 950 omnem
1183 887 1269 950 huuc
1347 865 1349 888 ⁴

152 1029 154 1034 ·
176 1003 299 1064 civilem
321 1003 353 1062 in
376 998 564 1079 disputanda
592 997 697 1060 locum
717 995 969 1076 Heraclidesque
988 995 1154 1072 Ponticae,
1191 1011 1269 1075 pro-

65 1155 68 1162 .
175 1111 280 1172 fectus
301 1109 339 1170 als
362 1108 473 1168 eodem
494 1107 635 1168 Platone.
688 1105 929 1187 Theophrasstu
949 1101 1027 1166 vero
1048 1083 1209 1166 institutus
1227 1101 1268 1165 als

51 1215 53 1222 '
175 1217 349 1282 Aristotele
363 1215 524 1289 habitavit,
545 1219 580 1275 ut
593 1213 691 1288 scitis,
712 1215 744 1276 in
759 1231 930 1294 eogenere
944 1211 1120 1293 rerum-ah
1140 1211 1270 1273 eodem·
1350 1231 1351 1234 ¹

178 1343 241 1404 quc
268 1322 439 1386 Aristotele
472 1321 582 1382 doctus
611 1321 822 1383 Dicaearchus
849 1321 925 1382 huic
953 1319 1069 1382 rationi
1092 1318 1270 1399 studioque

176 1452 240 1496 non
270 1430 403 1492 defuit.“
459 1428 593 1491 Accedit
623 1427 708 1508 quod
742 1429 856 1492 similia
887 1434 1031 1490 veterum
1059 1427 1273 1510 inprimisque

156 1539 461 1620 peripateticorum
484 1555 582 1617 opera
603 1539 755 1613 novimus,
775 1539 820 1599 ita
840 1535 960 1599 critiae
980 1530 1170 1608 πολιτείας,
1193 1553 1273 1615 qua·

116 1675 118 1680 κ
177 1665 250 1708 rum
271 1653 378 1727 partes
399 1645 513 1708 eodem
532 1645 627 1708 modo
648 1652 684 1708 ut
703 1645 878 1728 singulares
894 1645 969 1708 libri
982 1645 1121 1706 citantur
1138 1640 1273 1708 Θεττα-
1351 1631 1352 1638 ¹

112 1775 116 1782 ·
177 1745 251 1814 λων
271 1747 449 1832 πολιτεία,
469 1753 766 1844 Λακεδαιμονίων
787 1746 965 1830 πολιτεία,
987 1739 1020 1816 et
1039 1757 1171 1835 praeter
1190 1769 1272 1814 non-

176 1861 264 1925 nulla
284 1861 498 1943 Theophrasti
520 1869 553 1925 ct
572 1860 752 1925 Heraclidis
784 1879 864 1942 quae
883 1857 947 1923 hnc
968 1861 1131 1942 pertinent
1149 1841 1275 1940 scripta

176 1973 430 2052 praecinamus
455 1979 581 2034 centum
609 1971 833 2054 quinquaqinta
857 1973 930 2034 octo
957 1967 1140 2034 Aristotelis
1168 1963 1273 2032 πολι-

87 2137 89 2144 .
176 2075 269 2149 τείας
291 2077 333 2144 c'i.
353 2079 444 2160 Diog.
465 2079 570 2140 haist.
591 2079 630 2157 V,
652 2079 683 2156 1,
702 2077 764 2157 20,
790 2072 920 2158 quaram
939 2079 1056 2140 iterum
1074 2073 1274 2162 ,Αἰγινητῶν

177 2181 356 2263 πολιτεία,
374 2181 544 2273 Δηλίων,
580 2178 770 2250 Θετταλῶν
796 2187 1002 2266 aliorumque.
1017 2185 1174 2248 simillime
1194 2185 1275 2246 slle-

152 2351 155 2363 ,
178 2299 301 2375 gantur.
316 2289 367 2377 ¹⁴)
408 2295 495 2372 Quae
515 2299 619 2356 tamen
639 2296 721 2357 ratio
741 2295 826 2356 inter
845 2285 1026 2356 πολιτείαν
1035 2291 1275 2376 Σπαρτιατῶν

102 2463 108 2472 ,
177 2399 384 2478 Dicaearchi,
407 2395 457 2484 ¹⁵)
493 2421 584 2481 quam
605 2401 717 2464 Suidas
732 2403 901 2484 juvenibus
921 2401 1084 2484 Spartanis
1106 2402 1274 2482 quotannis

5 2505 8 2512 “
107 2577 111 2583 ,
178 2509 344 2575 recitatum
364 2508 463 2570 luisse
490 2511 660 2572 memoriae
687 2511 814 2591 prodit,
849 2515 984 2572 einum
1015 2509 1276 2590 omniuosllqua

178 2615 261 2690 ratio
283 2616 368 2681 inter
389 2635 457 2676 eam
478 2623 512 2678 et
529 2613 706 2691 πολιτείας
725 2620 953 2696 intercesserit,
973 2637 1034 2680 non
1050 2619 1117 2699 jam
1137 2617 1276 2696 inquiri·
1313 2622 1314 2626 ’

178 2725 248 2784 snus
268 2721 486 2804 lectoremque
507 2723 546 2785 ad
569 2745 606 2786 ea
626 2725 820 2806 relegamus,
842 2745 922 2806 quae
943 2723 984 2786 de
1004 2723 1195 2805 Tripolitieo
1217 2741 1275 2786 ex-

179 2829 366 2912 posuimus,
399 2840 492 2912 quem
521 2828 626 2895 lamen
654 2835 769 2895 iterum
798 2837 901 2914 ipsum
934 2839 1057 2915 partem
1087 2825 1275 2895 πολιτειῶν

181 2937 251 3001 ess'e
279 2934 421 3019 potuisse
448 2955 510 3000 non
536 2941 661 3018 penitus
687 2957 779 3021 nego.
831 2937 888 3000 llla
918 2946 1021 3002 autem
1054 2959 1134 3019 quae
1155 2939 1274 3003 Cicero

52 3121 54 3126 .
180 3047 368 3126 significavit
394 3045 581 3108 Dicaearchi
608 3048 742 3126 scripta.
781 3039 1025 3130 Παλληναίων,
1058 3041 1273 3128 Κορινθίων,

177 3147 368 3238 Ἀθηναίων
396 3148 597 3236 (πολιτείας)
629 3155 723 3214 ctiam
749 3153 952 3230 Buttmannus
982 3157 1015 3214 et
1041 3153 1096 3232 qui
1125 3151 1274 3216 Mnseusn

179 3259 365 3320 Rhenanum
385 3263 545 3336 recensuit
566 3281 584 3322 a
604 3253 680 3342 Βίῳ
701 3248 863 3342 separant3
894 3259 1004 3322 eadem
1026 3265 1130 3322 lamen
1151 3261 1290 3341 princi·'

179 3383 238 3446 pes
259 3371 325 3426 tres
353 3361 590 3448 Τριπολιτικοῦ
610 3375 719 3448 partes
740 3367 887 3430 eilecisse
909 3368 972 3450 jam
993 3385 1063 3428 eam
1084 3367 1124 3430 ch
1146 3385 1273 3429 causam

49 3552 52 3558 Ι
179 3473 352 3534 inlitiemur
372 3493 504 3536 necesse
526 3481 584 3550 est,
606 3475 690 3554 qnod
712 3475 773 3536 alio
795 3475 958 3538 Ciceronis
979 3473 1051 3536 loco
1074 3493 1127 3555 ep.
1148 3472 1188 3534 ad
1204 3475 1272 3536 Att.

136 3619 158 3671 .‘
179 3578 268 3654 Xlll,
288 3579 331 3640 32
361 3579 488 3640 disertis
516 3582 621 3642 verbis
655 3581 788 3643 dicitur:
824 3566 1082 3665 ,,τριπολιτικὸν
1110 3583 1180 3665 ejus
1209 3601 1273 3679 poss
1317 3598 1320 3604 ·

179 3691 327 3752 ἰοντων(
350 3694 383 3752 et
405 3689 506 3767 quod,
533 3691 560 3750 si
588 3681 829 3771 Τριπολιτικόν
849 3697 915 3752 tres
936 3690 1079 3751 civitates
1099 3689 1274 3753 secundum

179 3797 319 3876 ipsarum
340 3795 458 3856 formas
480 3795 687 3876 descripsisse
707 3802 931 3873 statueremus,
966 3795 1173 3877 fragmentum
1202 3799 1275 3876 qui·

72 3910 75 3918 '
181 3903 253 3964 dem
275 3902 350 3963 inde
372 3902 411 3963 de
433 3902 579 3982 phiditiis
600 3911 763 3984 superstes
784 3903 919 3988 credere
939 3921 996 3989 nos
1017 3909 1156 3979 vetaret,
1178 3923 1217 3966 eo
1237 3907 1274 3970 iu

80 4097 82 4102 s
179 3995 262 4074 libro
283 4005 460 4072 πολιτείαν
481 4007 717 4095 Σπαρτιατῶν
737 4011 842 4072 locum
864 4029 926 4072 non
947 4010 1102 4072 habuisse.
1142 4009 1275 4074 Haecce

179 4137 256 4180 vero
277 4120 437 4198 posterior
458 4138 568 4194 causa,
601 4120 739 4196 etiamsi,
774 4120 855 4180 sicut
883 4123 917 4178 et
936 4121 1048 4179 revera
1068 4119 1274 4182 Buttmannus

97 4299 100 4308 Ι
143 4235 145 4242 ’
180 4233 310 4290 conatus
341 4234 408 4305 est,
444 4227 537 4310 rejici
573 4233 686 4308 queat,
720 4225 928 4309 Tripoliticus
955 4233 1058 4312 umen
1089 4225 1149 4298 ulia
1177 4226 1274 4308 plane
