2720 4724
572 299 913 382 *gn*

193 499 283 574 eapita
301 458 457 566 inssingulie
475 496 551 550 tibris
567 495 725 552 tractaverit
741 504 769 550 et
786 493 860 568 quod
878 493 1039 582 Dicaearchi
1055 498 1121 564 Βίας
1142 511 1175 583 err
1198 494 1287 549 tribue

166 623 168 634 ι
192 599 297 648 tantum
315 593 391 646 libris
408 591 569 647 constiterit.
615 591 690 646 Haec
707 599 864 658 argumenta
882 591 949 664 quid
965 591 1090 654 valeant,
1117 589 1186 672 infra
1204 605 1286 644 accu-

192 688 276 742 ratim
293 704 426 760 exponam
444 687 536 760 ibique
554 685 743 762 demonstrabo
761 691 878 739 statuere
895 686 994 747 licere,
1012 691 1080 743 Btor
1096 684 1180 736 multa
1198 700 1286 756 quan-

190 799 275 856 quam¹
291 783 407 840 breviter
425 778 559 854 explicate
578 771 759 842 continuisse,
777 779 815 832 ita
833 787 941 843 tamen,
965 786 996 832 ut
1012 795 1104 832 omnes
1122 776 1285 831 Dicaearchi

54 877 94 930 'a
190 879 238 949 qui
261 877 442 931 memorantur
468 875 530 928 libri
556 874 592 929 ob
615 881 965 944 cognatum·argurnenturn
989 871 1014 926 ei
1040 870 1115 943 operi
1134 870 1285 938 assignandi

174 985 249 1030 ,aon
267 971 328 1024 sint.
691 1023 693 1028 ,

260 1066 323 1136 106)
340 1051 526 1131 Buttmannus,
546 1063 661 1118 Naekius
679 1071 706 1118 et
718 1063 842 1119 Orannus
858 1079 949 1116 omnes
967 1062 1112 1115 relationes
1130 1077 1163 1112 ex
1181 1059 1283 1132 scripto

187 1162 246 1235 arpi
268 1156 372 1232 ἆμώνων
397 1160 523 1230 repetitas
548 1157 630 1230 idque
655 1159 739 1230 ipsum
767 1159 896 1230 seriptum
921 1157 955 1209 ad
973 1155 1078 1210 tertium
1096 1161 1165 1213 Βίου
1182 1155 1283 1207 librum

188 1252 314 1308 referunt.
637 1245 639 1250 ’
1214 1301 1216 1306 .

259 1349 323 1414 107)
340 1346 381 1398 Ex
399 1346 451 1400 hac
469 1345 600 1400 sententia
618 1345 849 1409 Naekius‘effieit‚
878 1346 958 1398 etiam
985 1345 1082 1398 Suidae
1107 1345 1282 1398 mancitetenr

162 1430 165 1438 ’
187 1439 218 1494 in
234 1440 310 1494 libris
327 1440 518 1495 Dicaearcheis
536 1441 723 1494 enumerandis
741 1441 926 1513 explicandam
946 1458 1058 1512 eamque
1081 1441 1178 1516 partim
1199 1439 1282 1507 magis

187 1525 291 1600 specie,
309 1545 393 1607 'quarn
411 1547 503 1590 revera
521 1535 691 1589 mancitutern
710 1550 776 1590 esse.
818 1536 869 1589 Sed
888 1553 969 1606 quum
990 1535 1035 1589 hic
1053 1533 1094 1588 'rir
1111 1534 1281 1588 doctissimus

186 1627 374 1700 ipse-suidam
391 1628 472 1682 etiam
492 1629 545 1681 alia
563 1629 722 1682 Dicaearchi
741 1631 857 1700 scripta,
885 1647 953 1700 quae
971 1647 986 1680 a
1004 1635 1061 1700 Βίῳ
1077 1630 1183 1700 penitus
1202 1622 1282 1699 sepa-

186 1721 269 1774 randa
286 1721 355 1786 sint,
381 1722 487 1775 silentio
501 1723 712 1794 praetermisisse
731 1722 926 1776 animadvertat
944 1730 971 1776 et
989 1741 1070 1794 quum
1090 1723 1199 1776 omnino
1219 1723 1281 1775 Sui-

187 1815 234 1871 das
252 1836 280 1872 ee
299 1837 357 1872 non
374 1817 555 1894 κριτικώτατον
573 1819 673 1892 ubique
693 1821 909 1897 mapifestaverit‚
929 1819 1091 1872 refutatione
1108 1817 1281 1887 supersedere

185 1929 234 1965 nor
251 1931 329 1984 posse
348 1912 488 1986 credimus.
523 1914 616 1984 Neque
634 1915 693 1984 pius
710 1913 809 1984 probat
828 1911 900 1985 quod
918 1913 989 1966 idem
1003 1910 1118 1964 Naelxius
1135 1909 1279 1974 rationem,

187 2021 267 2077 quam
285 2004 467 2058 Dicaearchus
491 2006 521 2057 in
544 2006 651 2060 musicis
676 2008 755 2058 rebus
782 2006 841 2059 aliis
866 2007 894 2058 in
911 2012 991 2073 Blor,
1018 2005 1051 2058 ‘in
1077 2003 1135 2056 aliis
1159 2003 1280 2072 ejusdem

23 2173 26 2180 Ι
89 2115 96 2128 '
184 2099 288 2166 generis
307 2097 335 2150 ln
353 2097 451 2150 librum
469 2103 527 2174 περὶ
542 2087 669 2172 μουσιίῶν
687 2096 791 2172 ἇγῶνων
810 2099 970 2170 recipiendis
988 2108 1095 2154 secutus
1112 2098 1161 2156 rit.
1181 2087 1280 2150 frustra

184 2191 339 2260 investigari
358 2191 488 2254 adnotat,
519 2193 646 2262 quoniam
671 2193 832 2263 paucissima
859 2193 970 2246 duorum
998 2193 1092 2245 horum
1118 2192 1280 2261 scriptorum

184 2286 335 2354 fragmenta
353 2297 501 2356 supersunta
530 2286 614 2350 Multa
633 2297 772 2358 praeterea
790 2305 821 2340 ea
838 2287 942 2340 ratione
961 2289 1096 2356 conjicere
1113 2286 1184 2349 licet,
1203 2286 1280 2340 retur

105 2366 108 2372 ’
184 2375 381 2434 Dicaearchum
400 2379 428 2432 in
448 2385 503 2451 Βίῳ
521 2379 672 2447 gravissima
700 2399 769 2453 quae
793 2381 828 2434 ad
852 2380 935 2434 artem
961 2374 1134 2434 musicam'et
1150 2379 1276 2432 dramati·
1341 2357 1347 2370 Ι

185 2491 246 2528 earn
273 2475 438 2544 pertinerent
463 2474 578 2528 breviter
603 2477 771 2546 exposuisse,
806 2475 949 2544 singularia
977 2475 1108 2546 quaedam
1134 2463 1280 2528 occasione

185 2567 278 2622 oblata
303 2567 506 2638 adnectentem‘5
530 2570 571 2621 -in
596 2587 676 2644 opere
700 2587 763 2627 vero
786 2575 845 2646 nupt
860 2567 964 2644 ἀγώνων
984 2569 1094 2626 festivos
1112 2568 1280 2622 Graecorum

183 2661 263 2718 tutor
280 2671 406 2718 accurate
424 2661 602 2735 descripsisse.
