2728 4726
471 321 816 398 ...5,-

96 515 220 578 locutus
235 520 306 601 est,
327 533 407 597 qnos
426 517 549 580 nonnisi
565 517 709 585 homines
722 503 808 583 cirili
821 520 991 602 prudentia
1004 539 1188 604 morumque

96 624 281 706 integritate
300 623 440 704 insigues
460 608 706 688 considerandos
726 644 798 690 ease
819 626 942 706 docuit,
970 648 1031 710 qua
1058 631 1092 694 ln
1119 649 1190 694 ren-

95 731 195 794 teutia
215 729 302 792 idem
321 731 438 794 iterum
458 731 575 795 cicero
596 751 668 796 eum
687 739 815 796 secutus
837 742 894 797 eat.

124 866 126 873 ·
177 840 237 902 llis
257 857 334 902 vero
355 861 426 904 cum
446 841 573 922 studiis,
596 841 709 922 qulbus
729 842 939 926 philosophos
953 843 1191 931 philosophiae·

96 965 158 1028 que
178 947 344 1034 historiam
364 947 541 1034 indagavit,
569 951 715 1012 universa
745 950 815 1032 ejus
835 969 953 1033 opera,
983 969 1075 1031 quam
1094 937 1193 1014 rebus
1225 981 1228 988 ·

94 1055 257 1117 historicis
280 1055 387 1133 dedit,
407 1057 584 1120 arctissime
604 1059 775 1140 conjuncta
796 1064 852 1124 eat.
896 1059 964 1138 Qua
984 1060 1017 1120 in
1031 1077 1069 1120 re
1084 1077 1206 1138 quamr

95 1181 190 1243 qnam
211 1164 331 1242 ubique
352 1165 516 1244 principes
537 1183 644 1226 rerum
666 1184 774 1228 causas
794 1172 890 1246 atque
911 1183 1025 1228 nervos
1039 1167 1191 1246 persequi
1320 1189 1324 1210 ·

94 1275 226 1332 conatus
255 1269 354 1334 fuisse
382 1271 528 1350 videtur,
568 1273 809 1354 chronologicas
833 1279 937 1368 tamen
972 1269 1191 1353 inquisitiones

93 1379 310 1442 Dicaearchus
344 1397 407 1441 non
441 1380 535 1460 plane
574 1381 714 1460 neglexit
753 1398 854 1460 eaque
888 1381 1011 1444 ratione
1045 1381 1191 1460 inprimis
1303 1465 1306 1471 Ι
1358 1453 1359 1458 ¹

93 1487 312 1568 fragmentum
336 1486 377 1548 de
404 1487 642 1550 Sesonchosidis
670 1493 774 1550 aetate
801 1488 949 1550 relictum
971 1492 1028 1548 est.
1069 1487 1105 1550 ln
1125 1488 1190 1550 his'-

5 1659 7 1680 Ι
94 1595 358 1684 soricisqnoque
374 1594 487 1658 studiis
507 1595 736 1658 Dicaearchum
756 1613 868 1676 magno
889 1613 961 1656 cum
981 1595 1095 1656 mentis
1115 1614 1190 1657 aaa·

93 1704 180 1764 mine
200 1709 358 1763 rersatum
388 1721 459 1765 esse
488 1721 583 1782 quum
604 1722 643 1764 ex
663 1703 807 1765 universa
827 1701 920 1784 hujus
946 1704 1008 1764 viri
1027 1701 1134 1764 indole
1156 1707 1190 1762 et
1224 1755 1227 1760 ,

94 1812 219 1872 ratione
240 1810 407 1891 colligere,
435 1815 501 1872 tum
522 1811 667 1891 inprimis
697 1809 767 1891 ejus
794 1805 1004 1890 fragmentum
1030 1807 1093 1868 huc
1114 1809 1189 1870 alle‘-

95 1937 172 1998 gare
200 1935 382 1998 possumus,
409 1937 471 1998 quo
499 1918 540 1979 de
568 1919 698 1981 deiectu
727 1923 760 1978 et
780 1917 920 1978 exilitate
940 1917 1190 1978 testimoniorum

94 2025 321 2088 historicorum
349 2032 477 2104 questus
505 2010 573 2088 esse
603 2005 750 2090 videtur(
797 2026 896 2104 Quam
925 2031 1028 2088 autem
1057 2025 1189 2086 maxime

94 2137 135 2198 ad
156 2136 260 2198 cultus
281 2155 484 2216 progressum
505 2143 538 2197 et
567 2136 608 2198 ad
635 2138 849 2200 institutorum
878 2152 1062 2214 morumque
1084 2133 1190 2193 diver·

95 2245 221 2306 uitatem
252 2245 430 2324 respexisse
458 2251 555 2324 atque
583 2245 627 2306 ita
655 2247 740 2308 inter
769 2245 829 2308 alia
848 2263 938 2306 usum
958 2239 1034 2303 belli
1055 2237 1189 2322 gerendi

95 2351 183 2431 apud
214 2351 407 2415 Macedones
445 2357 479 2412 et
512 2352 626 2414 Persas
661 2332 895 2442 discrepantem
930 2355 1188 2412 commonstrasse
1260 2382 1265 2390 ι

96 2459 247 2520 efficitur.
304 2459 592 2538 Quumtlraeciac
619 2465 653 2521 et
679 2461 818 2542 Aegypti
847 2459 1009 2520 historiam
1040 2473 1188 2536 perscru-

94 2572 237 2643 taretur,
258 2568 445 2628 sententiam
465 2567 646 2629 informavit
666 2586 685 2628 a
705 2567 849 2647 plurimis
864 2565 1074 2646 scriptoribus
1089 2563 1188 2650 Grae·
1307 2597 1310 2602 ,

95 2676 144 2737 cia
172 2673 375 2737 differentem
406 2695 443 2737 uc
474 2677 688 2738 recentiorum
717 2675 854 2754 denique
885 2683 1064 2756 temporum
1093 2689 1188 2752 quae·

95 2782 251 2844 ationibus
280 2776 638 2862 confirmatam,⁸atque
663 2783 757 2844 vitam
779 2782 933 2858 Graecam
961 2783 999 2844 ab
1021 2779 1189 2860 Aegyptiis
1227 2790 1229 2794 ·

94 2895 259 2970 receptam
280 2887 379 2950 fnisse
402 2887 505 2968 neque
527 2889 716 2952 contrariam
744 2889 898 2950 rationem
917 2887 1021 2949 locum
1040 2887 1188 2948 hahuisse

96 2999 215 3058 statuit.
258 2996 361 3075 litium
382 3015 488 3061 rerum
509 3015 566 3059 suo
588 2997 688 3076 ipslns
703 3002 849 3075 tempore
859 3000 1021 3076 gestarum
1034 2994 1187 3054 rationem
1262 3022 1265 3031 =
1302 2989 1306 3012 ¹

97 3104 223 3179 habuit,
253 3122 359 3164 aarum
388 3105 533 3184 inprimis
564 3122 640 3183 quas
661 3101 841 3165 Alexander
860 3102 993 3182 Magnus
1020 3086 1188 3180 perpend-

96 3218 201 3274 verat:
224 3213 312 3294 cujus
333 3218 389 3276 aut
405 3213 500 3274 vitam
522 3218 555 3272 et
575 3201 732 3292 ingenium
747 3209 895 3290 singulari
908 3208 990 3269 libro
1005 3209 1188 3288 exposuisse

5 3369 6 3374 ,
98 3327 152 3382 aut
180 3319 310 3418 solenne
337 3327 370 3381 ct
396 3313 600 3382 memorabile
625 3306 741 3380 festum
770 3317 808 3378 ab
837 3315 892 3378 illo
918 3316 1093 3378 institutum
1114 3315 1188 3377 bre·
1224 3409 1226 3415 Ι

89 3426 178 3506 ιίιιί
206 3425 429 3490 dissertatione
460 3427 667 3507 descripsisse
688 3423 905 3506 conjiciendus
934 3429 992 3486 est.
1014 3447 1019 3456 ·
1043 3423 1188 3484 Omnium
1358 3487 1359 3494 χ

97 3537 201 3596 autem
217 3536 355 3596 maxime
369 3537 506 3618 ‘egregia
526 3536 606 3596 ratio
627 3533 725 3596 inisse
745 3532 887 3608 videtur,
910 3551 970 3612 qua
990 3531 1073 3592 vitae
1088 3530 1188 3591 Grae·

5 3653 8 3708 ἓ
97 3663 153 3706 aaa
173 3647 344 3727 imaginem
364 3646 637 3730 animoi'ooucepit
658 3649 907 3724 conceptamque
930 3642 1035 3702 literis
1062 3637 1208 3698 manda-¹
1236 3711 1250 3718 ,-

5 3771 6 3776 ’
96 3753 141 3816 rit
156 3758 193 3814 et
204 3754 342 3834 singulm
363 3753 432 3834 ejus
451 3755 534 3816 vitae
555 3760 663 3834 parter
684 3753 854 3815 secuudum
870 3753 1029 3826 locorum,
1051 3749 1188 3810 civilium
1256 3768 1257 3772 ¹

5 3907 10 3952 p
97 3839 328 3936 institutorum,
355 3861 519 3942 religionis
545 3860 704 3945 fideique,
734 3863 855 3923 artium
868 3859 1093 3936 literarumque
1121 3843 1201 3916 cul?
1260 3900 1261 3903 ,

97 3971 207 4044 turae,
243 3987 365 4030 morum
399 3975 433 4030 et
462 3967 721 4030 consuetudinum
751 3967 976 4028 diversitatem·
990 3963 1188 4026 viridissimis

100 4079 132 4136 et
163 4075 408 4138 distinctissimis
436 4076 594 4138 coloribus
622 4073 780 4154 depinxit;
811 4075 844 4136 in
872 4091 974 4154 eoque
994 4089 1112 4154 genere
1133 4069 1188 4150 llis

5 4237 11 4268 ‚
102 4182 275 4268 umqum
302 4175 341 4247 eo
369 4179 584 4260 admirabilior
604 4189 756 4269 apparet,
786 4181 870 4265 quod
889 4200 930 4245 na
943 4195 1080 4262 magnus
1099 4179 1189 4243 bria·
1316 4209 1321 4216 -
