2720 4722
451 267 673 348 *aaa
726 304 824 371 ε-

13 455 21 470 ’
92 463 238 541 luerim,
265 480 361 544 quum
389 463 459 545 ipae
477 460 594 525 ¹Strabo
616 461 810 524 Onchestum
841 461 874 522 ln
895 459 1001 522 altiori
1021 459 1094 522 loco
1115 477 1190 523 cou-

93 571 192 636 dilam
221 587 292 632 esse
320 568 458 646 referat,
491 567 655 632 humidum
685 575 788 632 tamea
816 569 922 628 adrem
942 569 975 628 in
997 585 1035 628 ea
1058 568 1206 650 regiona*

92 693 243 758 regnasse
265 677 333 758 jam
362 693 422 756 per
453 681 546 758 prata
565 675 662 752 licet,
690 673 804 754 qulbus
824 672 1011 736 excelluisse
1032 679 1190 752 narramr,

91 804 155 869 pro
183 768 273 848 certo
300 791 449 866 statuere.
497 784 563 848 Fau
584 801 661 848 vcro
689 785 809 866 optima
829 783 911 844 coeli
933 780 1090 866 temperie
1111 783 1192 850 illud

94 891 251 976 oppidum
271 893 410 974 ganimai
423 891 533 970 luerit,
553 909 622 954 sam
644 892 814 972 antiquiori
830 897 976 970 tempore
998 889 1192 954 deteriorem

92 999 192 1062 luisse
218 1001 422 1087 conjiciamus
451 1005 547 1083 atque
567 1001 612 1064 ita
631 999 748 1064 febrim
768 1001 934 1082 genuisse,
968 1017 1048 1080 quae
1068 999 1191 1070 firmam

91 1107 204 1173 sedem
218 1109 423 1188 occupaverit
436 1114 696 1192 occupatumque,
716 1108 768 1168 rel
789 1127 882 1170 causa
896 1107 1046 1188 paulatim
1059 1111 1192 1186 remota,

92 1215 287 1299 aliquamdiu
308 1217 456 1303 tenuerit.
504 1217 620 1283 biliam.
635 1217 809 1280 Muellerus
837 1217 986 1280 Orchorrn
1014 1237 1047 1298 p.
1067 1215 1119 1278 72.
1138 1216 1191 1279 ‘da

92 1322 283 1391 llicacarchi
306 1323 368 1386 hac
389 1325 501 1390 notitia
522 1325 564 1412 de
585 1323 670 1388 febri
697 1323 849 1388 Onchesti
880 1323 1044 1388 obtinento
1072 1323 1188 1390 nudam

94 1429 324 1504 dubitationem
360 1434 577 1514 pronuntiavit
604 1439 638 1496 et
667 1439 836 1514 praeterea
865 1452 898 1514 p·
925 1431 969 1494 tu
995 1433 1098 1496 lacum
1127 1433 1193 1496 Ou-

94 1538 252 1604 ohestium
274 1533 394 1626 (λίμνη
416 1536 452 1602 ἑν
469 1533 662 1626 Ὀγχηστῷ)
677 1546 799 1621 partem
813 1539 964 1621 Concidit
978 1539 1075 1602 luisse
1089 1539 1195 1602 refert

93 1646 166 1708 coll.
193 1645 359 1728 Theophr.
379 1647 411 1709 h.
433 1647 531 1729 plant.
551 1649 589 1726 4,
621 1647 671 1709 12.
705 1648 787 1712 Plio.
809 1647 865 1724 16,
885 1646 937 1708 66.
979 1646 1092 1728 Steph.
1113 1646 1191 1728 Byr.

93 1771 122 1814 r.
142 1749 340 1838 Ἁκραιφία.
360 1755 430 1818 Aet.
451 1773 517 1818 var.
538 1756 570 1818 h.
592 1755 653 1832 12,
679 1753 732 1817 ot.
772 1755 943 1833 66617,
972 1757 1022 1818 lu.
1071 1756 1193 1840 Verum

95 1859 227 1942 quidem
253 1869 424 1942 praeterea
451 1869 500 1924 est
531 1862 616 1943 quod
636 1862 778 1924 Martius
807 1868 915 1924 mouet
943 1861 984 1924 de
1012 1861 1098 1926 lebri
1128 1863 1193 1928 on-

93 1968 200 2032 chetti
221 1969 328 2032 sedem
349 1975 477 2034 tenente
498 1971 576 2034 alios
597 1973 772 2052 scriptores
794 1971 874 2034 nihil
887 1989 1063 2034 memorare
1077 1989 1193 2052 neque,

93 2081 130 2140 ui
151 2075 303 2158 equidem
322 2077 415 2154 addo,
435 2079 617 2142 Pausaniam
638 2078 804 2154 162616
818 2079 1010 2142 referentem
1026 2073 1083 2141 ἐπ’
1105 2073 1195 2164 ipati

95 2172 134 2246 δὲ
158 2176 242 2256 ναός
263 2203 299 2248 τε
321 2186 382 2249 καὶ
403 2178 550 2270 ἄγαλμα
573 2183 801 2262 Ποσειδῶνος
821 2182 976 2251 ἐλείπετο
994 2181 1193 2274 Ὀγχηστίου

96 2289 154 2350 καὶ
175 2279 220 2355 τό
243 2283 363 2366 &Mola
386 2282 404 2354 ὅ
429 2283 471 2374 δή
493 2291 554 2354 καὶ
568 2282 720 2380 ’Όμηρος
742 2285 897 2378 impreco,
918 2295 975 2356 sed
992 2294 1076 2374 quod
1098 2297 1195 2358 sciam

95 2416 204 2480 neque
225 2397 267 2460 dc
287 2399 431 2464 Haliarto
453 2399 574 2481 aliquid
589 2400 745 2482 ejusmodi
758 2400 921 2482 proditum
935 2407 994 2464 est.
1036 2402 1204 2487 Perquam

97 2503 238 2586 deniqne
259 2507 370 2568 mirum
394 2514 452 2584 cst,
473 2507 558 2588 quod
573 2514 681 2573 nostro
695 2509 767 2570 loco
788 2510 872 2570 inter
893 2510 979 2569 veria
993 2509 1195 2588 ingeniorum

96 2615 175 2676 uilia
194 2614 299 2678 subito
321 2617 468 2696 corporis
488 2615 655 2696 aegritudo
670 2621 864 2679 recensetur.
908 2615 1119 2694 Quamobrem
1132 2633 1194 2676 πο-

98 2711 202 2805 ρετός
232 2719 274 2782 de
301 2722 397 2788 nimio
429 2723 522 2784 animi
552 2722 681 2788 fervore
712 2721 953 2804 intelligendam
982 2729 1091 2830 noplro
1121 2723 1196 2790 loco

97 2847 169 2892 ease
192 2828 424 2904 contenderem,
448 2830 476 2892 sl
496 2830 608 2894 similis
622 2831 711 2898 loona
730 2831 784 2892 ubi
806 2822 952 2913 πυρετός
975 2830 1196 2912 metaphorice

99 2941 272 3020 usurpetur
291 2937 371 3001 mihi
399 2943 528 3019 praesto
550 2945 644 3000 erret.
696 2937 793 3000 Paulo
823 2938 907 3000 enim
928 2937 1021 3002 aliter
1042 2937 1194 3000 rehabui

100 3043 189 3124 quod
210 3043 373 3126 Theophr.
388 3044 474 3106 char.
490 3044 522 3106 8.
543 3051 728 3126 usurpatum
750 3051 799 3108 esi
820 3045 861 3108 de
883 3043 1040 3127 ejusmodi·
1057 3024 1196 3124 homine,

7 3215 8 3220 ,
101 3154 157 3231 qni
186 3151 271 3214 febri
300 3154 451 3234 occupari
471 3151 551 3214 nolit
571 3151 614 3213 ob
638 3151 831 3215 stomachum
860 3157 996 3234 propter
1024 3151 1196 3233 garrulum,

7 3255 9 3326 ἔ
102 3250 288 3344 duleum·
390 3247 393 3252 ’
965 3339 968 3344 p

186 3357 260 3439 τήν
283 3365 564 3454 ἀναισθησίαν
587 3364 629 3429 ἐν
647 3354 860 3450 Ἀλιάρτῳ.
883 3355 944 3452 τήν
960 3361 1195 3451 ἀναισθησίαν

7 3507 8 3548 i
102 3475 361 3556 apodemium,
392 3461 557 3560 Stephano
578 3482 726 3550 auctore,
751 3491 875 3536 versum
904 3480 953 3536 est
971 3472 1196 3556 stupiditatem.
1297 3474 1301 3490 ¹

7 3601 8 3648 l
102 3581 327 3652 Collocaudmn
349 3589 398 3644 est
411 3581 596 3646 uocabulum
611 3599 680 3647 uum
704 3571 899 3664 άναλγησία
922 3565 1119 3661 quodsupra
1141 3579 1196 3642 ubi

103 3690 145 3751 de
165 3687 325 3754 Thebanis
344 3707 448 3750 sermo
469 3688 531 3750 init
551 3706 590 3748 er
604 3687 814 3750 Demosthene
834 3687 1045 3768 allegavimus,
1067 3691 1100 3750 ct
1121 3703 1197 3748 con·

102 3797 255 3870 ferendus
276 3805 444 3880 praetcrea
466 3796 681 3878 Theophrasti
702 3796 788 3858 char.
810 3794 851 3856 14
882 3787 954 3857 ἔστι
974 3783 1013 3856 δὲ
1033 3793 1051 3866 ἡ
1074 3788 1196 3856 ἀναισ-

105 3902 233 3986 θησία,
266 3899 314 3978 ὠς
335 3883 408 3988 ὅρηι
432 3899 558 3977 εἰπεῖν,
587 3895 759 3986 βραδυτής
787 3901 844 3974 τῆς
877 3901 988 3984 ψυχῆς
1016 3894 1051 3962 ἑν
1079 3889 1196 3980 λόγοις

39 3989 41 3996 ,
104 4008 164 4075 καὶ
185 4001 372 4094 πράξεσιν,
401 4010 420 4074 ὁ
445 4000 485 4073 δὲ
508 4004 719 4095 ἀναίσθητος
739 3997 897 4079 τοιοῦτός
921 4026 984 4083 τις,
1008 3995 1081 4080 οἷος
1102 3999 1195 4086 λογι-

108 4111 260 4202 σάμενος
281 4128 357 4196 ταῖς
378 4110 510 4207 ψήφοις
532 4117 589 4182 καὶ
610 4113 804 4201 κεφάλαιον
819 4108 969 4201 ποιήσας
985 4111 1119 4198 ἐρωτᾷν
1135 4103 1195 4176 τὸν

107 4222 428 4318 παρακαθήμενον,
455 4224 487 4289 τί
509 4223 652 4308 γίνεται·
676 4223 733 4290 καὶ
755 4221 851 4311 δίκην
875 4212 1012 4307 φεύγων
1034 4219 1093 4284 καὶ
1115 4215 1197 4284 ruri·
