2728 4720
526 330 895 410 *sm-...-

166 526 315 592 Francui.
342 523 502 588 oraculum
522 523 738 606 Nympharum
757 522 996 606 sphragitidum
1024 522 1065 586 ad
1086 523 1254 589 Cithaero-

166 655 237 698 nem
258 629 483 718 memoratur).
524 631 626 694 Strah.
639 630 692 707 lx,
713 649 746 712 p.
759 630 831 707 417,
852 631 906 692 uhi
926 630 968 692 de
989 631 1133 695 Parnassi
1154 633 1255 695 ιιιιιίι
1359 677 1360 684 1

165 744 261 805 verha
274 743 362 818 fiunt
384 724 434 803 aiv
447 735 521 803 ἑσιι
534 730 811 822 γνωριμώτατον
831 738 892 800 καὶ
911 731 1098 802 κάλλιστον
1112 729 1155 802 τὸ
1169 733 1254 804 Κω·

165 843 295 935 plinton,
317 853 464 932 ννμφιῦν
484 840 612 928 ἄντρον
633 839 821 933 ὁμώννμσν
843 853 894 926 τῷ
912 839 1068 929 Κιλικίᾳ).

246 977 290 1020 ιι.
310 957 361 1018 78
393 956 455 1018 Pro
478 943 687 1042 Κηφισός,
717 955 801 1035 quod
829 957 861 1017 in
882 956 1036 1038 Stephani
1056 963 1254 1020 oeterorum-

162 1081 227 1148 'qua
257 1065 448 1129 editionibus
477 1065 633 1145 prolatum
661 1069 726 1141 est,
752 1063 923 1127 Vulcanius
948 1057 1147 1149 Κηφισσό
1153 1085 1169 1140 ς
1198 1085 1253 1128 ex-

161 1175 274 1238 hihuit.
315 1172 524 1235 Plurimorum
545 1172 641 1232 lectio
667 1169 700 1232 h.
721 1171 743 1231 1.
762 1169 824 1232 init
845 1163 976 1254 ὀρέων,
1009 1171 1092 1252 apud
1112 1172 1253 1254 Stepha-

161 1286 359 1345 uomentem
381 1282 449 1363 ejus
470 1281 541 1341 loco
562 1280 725 1359 reperitur
747 1273 766 1340 ὁ
789 1268 898 1364 ῥέων,
920 1279 1004 1358 quod
1027 1298 1120 1359 quum
1141 1282 1173 1342 iu
1196 1299 1253 1342 eo-

162 1389 236 1453 diee
264 1408 390 1470 quoqne
412 1389 596 1449 Monacensi
622 1387 775 1450 hahentur
803 1388 985 1467 aptiorique
1006 1407 1098 1450 senon
1117 1389 1252 1470 praedi-

160 1506 227 1562 tum
247 1501 289 1560 ait
310 1500 512 1559 Buttmannus
534 1496 776 1577 praeferendum
795 1495 898 1557 videri
919 1495 1086 1558 adnotavit

244 1623 288 1668 ιι.
308 1605 360 1667 79.
393 1606 491 1684 Quam
514 1603 553 1666 de
575 1605 909 1686 praeternavigationis
930 1606 1033 1685 spatio
1053 1607 1087 1667 in
1107 1604 1252 1669 Phocide

160 1713 245 1776 inter
265 1713 428 1794 Scylacem
456 1719 489 1774 et
510 1719 650 1775 nostrum
676 1709 781 1773 locum
807 1711 1010 1775 intercedere
1032 1713 1153 1776 Gallius
1174 1734 1252 1795 pro-
1359 1733 1360 1740 ¹

160 1824 313 1888 nuntiavit
334 1822 546 1902 discrepantia
566 1821 677 1883 eodem
703 1819 813 1900 modo,
841 1839 903 1901 quo
924 1841 1037 1902 supra,
1065 1828 1161 1902 atque
1189 1843 1252 1905 pru

161 1930 245 1992 nulla
266 1928 492 1992 eolasideramla
514 1935 571 1990 est.
607 1946 609 1956 ·
996 1999 1010 2008 ν

244 2057 287 2098 ιι.
308 2037 359 2098 Sd.
389 2038 452 2098 Pro
483 2039 665 2121 μεσογείᾳ,
695 2035 779 2118 quod
808 2038 927 2119 ubique
956 2025 1094 2128 elnam]
1107 2039 1251 2120 reperio,

159 2145 330 2208 Vulcanius
344 2140 520 2231 μεσογείῳ.
535 2141 700 2230 (ceterum
722 2165 784 2206 non
805 2147 975 2208 iudicatum
988 2152 1036 2207 est
1052 2153 1157 2208 atrum
1179 2167 1252 2210 eum
1359 2181 1360 2232 4

160 2251 293 2314 articulo
309 2251 352 2336 τῇ
372 2271 410 2312 an
424 2246 498 2336 τῷ)
521 2253 690 2331 protulisse
711 2251 858 2312 refertur.
894 2240 1121 2334 Κνιιάρισσος
1136 2239 1252 2331 autem,

160 2359 280 2422 haecce
310 2359 447 2420 Phocica
467 2358 563 2433 urbs,
586 2345 907 2446 ιΚνιιοιρισσῃιις,Ι
920 2361 1095 2423 Messeniae
1118 2363 1250 2442 oppido,

162 2472 310 2528 accurate
331 2465 538 2527 discernenda
559 2471 617 2528 eat.
1016 2465 1018 2468 ’
1358 2529 1359 2534 ,

244 2571 352 2635 sessl.
374 2563 575 2656 Λάρισσά
597 2591 641 2636 τε
660 2570 750 2662 μετ’
772 2567 1115 2662 adcrp'vvnlgataiuit
1135 2572 1250 2650 lectlo;
1358 2637 1359 2656 ἦ

163 2700 243 2761 quae
265 2699 360 2760 quum
380 2685 480 2749 metra
502 2681 593 2762 plane
614 2701 675 2744 nou
696 2681 902 2762 respoudeat,
932 2682 1153 2744 Gausanhonus
1174 2679 1251 2745 Au'·

163 2803 244 2871 ρισα
266 2807 325 2867 per
346 2802 440 2850 unum
461 2795 579 2851 tantum
602 2807 622 2852 σ
643 2789 854 2852 exhihendam
875 2781 1011 2866 censuit,
1040 2783 1189 2873 Ἰσμενόν
1212 2810 1253 2854 ex

68 2897 74 2906 ’
162 2913 207 2957 ιι.
229 2879 290 2955 1⁰5
318 2895 403 2974 quod
431 2897 576 2958 similiter
604 2916 663 2977 pro
692 2889 847 2982 Ἰσμηνόν
876 2897 1108 2979 pronuntiatum
1138 2897 1252 2960 fuisset

162 3011 361 3084 comparato,
382 3022 482 3082 eaque
503 3006 535 3065 in
556 3024 593 3066 re
614 3005 753 3067 Marxius
775 3023 896 3067 necnon
918 3025 956 3066 ex
976 3013 1067 3086 parte
1088 3005 1253 3070 Buttman-

162 3131 221 3174 uus
242 3113 359 3174 assensi
380 3119 460 3174 sunt.
513 3113 633 3176 Gallius
654 3116 760 3176 versui
780 3115 824 3176 ite
846 3134 971 3195 quoque
992 3115 1137 3176 succurri
1157 3133 1253 3194 posse
1356 3139 1357 3148 ¹

127 3255 131 3264 =
163 3219 332 3310 arbitratus
354 3225 419 3295 est,
446 3226 482 3280 nt
506 3226 578 3298 post
603 3211 768 3302 Λάρισσᾳ
796 3221 952 3300 particula
982 3238 1018 3282 τι
1040 3221 1252 3281 omitteretur.

83 3403 90 3416 .
163 3325 228 3390 de
250 3326 371 3386 etiamsi
392 3344 461 3387 cum
483 3332 584 3388 metro
606 3327 665 3387 ista
686 3325 783 3386 lectio
805 3327 1001 3400 conveniret,
1031 3345 1125 3404 quum
1146 3333 1252 3388 tamen
1356 3373 1357 3380 1

53 3425 56 3434 ¹
149 3451 254 3518 *nemo
280 3434 384 3511 toret,
413 3435 467 3513 qui
492 3435 581 3496 istius
608 3434 740 3496 nominis
765 3435 875 3494 urbem
903 3434 937 3494 iu
964 3433 1105 3497 Phocide
1135 3441 1251 3511 nosset,

95 3587 118 3626 ,·
138 3535 199 3604 (ae
220 3535 363 3602 Larissae
384 3542 425 3601 in
445 3542 485 3602 iis
507 3539 701 3620 potissimum
727 3540 909 3620 regionibus
936 3545 1169 3618 memorentur,
1197 3541 1251 3603 uhi
1355 3531 1356 3534 ¹

44 3633 47 3638 ¹
161 3648 286 3728 Pelasgi
306 3647 398 3708 sedes
419 3647 564 3708 hahuisse
585 3645 784 3721 referantur,
809 3646 872 3706 viri
897 3643 985 3706 docti
1004 3645 1061 3706 suh
1083 3632 1250 3725 Λάρισσα
1352 3639 1356 3716 l

160 3755 311 3819 vocabulo
353 3753 449 3831 aliud¹
472 3771 585 3815 nomen
618 3751 864 3834 geographicum
895 3751 997 3813 latere
1035 3753 1250 3833 conjecerunt·
1355 3783 1356 3790 ι

30 3845 32 3850 ,
161 3863 209 3926 lta
229 3861 437 3925 lloeechelius
457 3861 499 3921 de
512 3861 665 3939 Larymna
686 3861 845 3940 cogitavit,
865 3859 922 3920 sed
944 3877 1011 3920 eam
1025 3857 1146 3935 urbem,
1169 3878 1250 3939 quae

147 3959 319 4032 ¹distinctis
348 3968 453 4029 verbis
481 3967 521 4027 ad
542 3963 631 4030 mare'
649 3953 709 4029 sita
736 3967 834 4028 fnisse
855 3971 1067 4042 memoratur,
1095 3965 1159 4027 huc
1187 3985 1249 4028 uon
1352 3971 1355 4002 l

163 4076 319 4154 quadrare
341 4076 546 4156 perspicuum
566 4075 640 4136 'esta
679 4073 770 4152 Quod
797 4074 878 4135 enim
902 4073 1022 4136 Gallius
1049 4089 1117 4136 eam
1137 4069 1248 4134 eithem
1354 4121 1355 4128 ,

79 4261 81 4266 Ι
160 4179 305 4244 Locridis
333 4179 433 4245 inisse
457 4174 712 4266 allato-Scylace
741 4181 771 4262 ς.
793 4181 844 4241 til.
876 4187 909 4242 et
930 4181 1031 4243 Strah.
1052 4181 1112 4255 lx,
1133 4199 1164 4263 p.
1184 4165 1248 4240 too
1290 4195 1295 4206 ·

116 4281 127 4336 ᾗ
163 4291 413 4368 argumentatur,-
434 4287 607 4376 posteriori
628 4292 731 4348 tamen
752 4284 897 4367 tempore
917 4286 1067 4350 Boeotiae
1088 4270 1259 4366 adscripta.
1346 4263 1354 4286 ”
