2716 4724
461 201 833 300 &ion-

102 411 174 470 ean
193 396 229 462 in
249 395 396 462 oudlom
416 401 503 476 texta
522 400 722 483 irreperente
758 401 861 464 omnia
888 405 992 466 tamen
1021 401 1076 466 illa
1097 403 1193 468 verba
1247 411 1249 418 ’

99 502 216 568 menda
236 523 308 570 we
327 510 362 572 et
382 525 465 588 quae
485 507 684 590 praecedunt
699 507 889 590 singularem
903 509 985 572 lueri
1000 509 1197 591 cupidinem,

99 630 182 693 quae
201 612 366 695 excipiunt
384 615 561 678 univemm
581 615 657 678 iude
683 621 787 681 nalum
813 619 986 697 nequitiam
1012 621 1192 702 significare

97 736 215 784 ousae
235 738 369 802 umque
388 721 423 785 in
441 723 628 786 senteutiam
649 719 753 786 loenm
774 687 959 805 odompus
980 729 1190 807 superiorem,

97 843 159 907 qno
180 825 411 910 llloaearoluoa,
441 832 594 910 'quantum
616 828 744 911 quidem
765 847 805 894 er
823 831 969 911 reliquils
997 833 1192 901 detruncatis

96 934 252 1019 colligere
264 935 352 1016 lieet,
371 919 493 1018 aliquid
513 937 608 1020 plano
624 939 727 1002 simile
741 941 919 1003 enuntiasse
932 941 1068 1019 videtur,
1089 941 1190 1006 aliero

94 1038 262 1110 τελωνῶν
282 1036 543 1133 ἀνυπέρβλητος
562 1035 813 1124 πλεονεξία,
835 1043 1033 1130 deseruero
1055 1049 1102 1134 τῇ
1121 1071 1189 1114 πο-

95 1147 218 1238 oqpiqa
241 1141 535 1242 συντεθραμμένη.
583 1153 697 1235 Neque
718 1153 853 1218 diilloila
874 1173 944 1218 esse
965 1156 1098 1220 dixerim
1119 1175 1190 1220 aen-

93 1259 268 1338 teaiiarnm
293 1279 485 1340 eounexum,
521 1281 614 1343 quem
644 1261 729 1343 quod
757 1263 972 1326 desideramus
994 1282 1056 1326 non
1078 1282 1190 1328 exoer·

92 1367 204 1450 ptorla
224 1366 366 1449 flagitio,
401 1367 461 1432 aed
487 1367 690 1432 librariorum
718 1369 860 1433 inaurire
889 1371 1091 1436 tribuendum
1119 1389 1189 1460 ease

92 1491 227 1554 eeaaeo,
255 1479 385 1538 externa
405 1493 533 1556 quoque
551 1477 675 1540 ratione
695 1477 877 1539 restituere.
918 1477 1109 1541 Particulam
1130 1475 1190 1543 καί

92 1601 186 1664 qaam
207 1601 227 1646 a
248 1581 462 1664 compluribus
482 1579 660 1646 editoribus
688 1591 851 1666 reoeptam
874 1603 915 1646 eo
935 1587 1067 1648 oonsilio
1089 1587 1194 1652 luisse.

89 1689 229 1753 ullum
247 1690 326 1757 niul
347 1709 473 1773 quoque
492 1710 687 1775 magnopere
707 1693 852 1756 arridere
868 1695 1004 1774 ingenue
1021 1674 1188 1774 profiteor,

91 1795 149 1860 aed
184 1778 309 1862 nonnisi
336 1817 407 1862 oum
436 1798 598 1881 Stephano
629 1806 702 1862 aute
731 1793 962 1880 προσαάθεια
991 1801 1187 1880 oollooatam,

89 1903 133 1966 ita
153 1909 193 1966 ut
211 1906 309 1966 totius
329 1904 394 1968 lool
414 1907 570 1968 sententia
590 1907 709 1968 haeoee
725 1905 899 1970 efficiatur:
916 1907 1187 1987 „propensionem

90 2011 175 2074 enim
196 2009 239 2072 ad
259 2011 387 2092 aliquod
407 2013 671 2094 intemperantiae
697 2031 814 2096 genus,
853 2031 915 2093 qua
935 2011 1123 2094 plerumque
1152 2015 1186 2076 in

87 2115 269 2182 bominibus
294 2119 414 2203 dagilia
441 2123 546 2184 areeri
574 2123 693 2201 solent,
727 2122 827 2184 baoee
847 2123 881 2184 in
902 2122 981 2186 urbe
1003 2123 1096 2202 plone
1116 2123 1185 2188 nul-

87 2224 149 2288 lam
178 2226 352 2292 observari.
397 2227 461 2292 Ubi
490 2229 575 2292 enim
602 2231 703 2290 vietus
732 2230 807 2290 satia
836 2229 942 2314 largus
970 2233 1020 2292 est
1047 2236 1081 2291 et
1100 2228 1186 2290 nulla

88 2331 208 2416 enpldo
239 2312 383 2398 luorandi
415 2335 532 2412 oritur,
567 2331 654 2416 apud
686 2332 841 2415 ejusmodi
871 2321 1015 2398 homiues
1041 2335 1186 2414 nequitia

88 2459 186 2524 aegre
207 2440 361 2508 obtinet“
411 2443 473 2506 l’ro
502 2433 604 2522 παρά
634 2441 891 2522 praepositione,
928 2461 1008 2522 quae
1037 2461 1109 2504 oum
1130 2438 1184 2522 ἐγ·

87 2544 246 2631 γίνεσθαι
276 2547 429 2612 oollooata
456 2545 596 2610 etmihi
624 2543 791 2626 aliquando
820 2550 854 2606 et
873 2543 1026 2610 Vuleauio
1053 2549 1086 2609 in
1117 2535 1182 2633 γοῖρ

85 2655 271 2719 rutituenti
297 2655 379 2718 male
407 2673 444 2718 ae
470 2653 591 2718 habere
619 2653 685 2716 aisa
712 2657 777 2731 est,
813 2643 879 2737 πέρ
908 2653 1078 2716 emendare
1108 2655 1184 2720 olim

86 2762 226 2846 plaeuit3
264 2781 346 2827 nune
380 2765 484 2826 autem
516 2761 664 2822 intactam
694 2758 840 2840 relinquo
870 2764 904 2820 et
936 2755 1184 2843 ἐγγίνεσθαι
1280 2769 1283 2773 ’

86 2871 200 2944 eois·
222 2888 316 2937 aenan
338 2887 401 2952 quo
421 2875 564 2932 nostrum
585 2861 813 2947 riobrimiitb
834 2867 989 2948 meroen,
1019 2855 1182 2956 ἑνδῆμιοο
1300 2929 1306 2938 ,

86 2976 261 3062 γίγνεσθαι
281 2973 555 3058 interpretandum
576 2992 646 3036 ease
669 2971 793 3056 judieo.
844 2969 894 3034 Ne
923 2972 1060 3053 denique
1090 2974 1184 3056 quid·
1237 2982 1238 2985 ’

85 3103 181 3168 quam
202 3083 470 3166 praetermittam,
509 3078 595 3163 quod
622 3080 777 3162 sagaciori
791 3077 941 3142 'fortasse
962 3081 1075 3143 eritieo
1096 3080 1188 3165 launo
1231 3133 1233 3137 .

83 3191 191 3258 loenm
220 3189 388 3272 aliquando
418 3189 528 3252 melius
557 3191 732 3250 tractaturo
754 3186 962 3250 emolumento
984 3205 1054 3250 esse
1076 3194 1182 3271 queat,

84 3302 133 3364 ita
151 3317 282 3382 qnoque
300 3303 407 3362 nostra
426 3297 523 3359 verba
544 3293 710 3374 aliquando
731 3299 897 3356 curaturus
919 3311 1024 3356 orama
1050 3278 1092 3357 od
1114 3285 1178 3381 γάρ
1201 3344 1203 3348 ,

85 3404 164 3484 βίος
185 3402 277 3471 ἐστὶν
297 3399 431 3484 ἱκανός,
467 3391 695 3488 eporedias
716 3391 806 3485 πρὸς
825 3393 949 3486 κέρδος
971 3397 1011 3462 ού
1034 3393 1177 3486 φύεται·

84 3503 243 3596 χαλεπὸν
273 3503 339 3598 γὰρ
371 3509 487 3601 (qnam
509 3511 761 3592 conjunctionem
782 3511 929 3588 sequenti
949 3511 1100 3574 vocabulo
1122 3509 1179 3574 ob-

84 3621 244 3687 literatam
264 3617 362 3679 fuisse
383 3615 582 3700 cogitabam)
602 3603 703 3696 παραὶ
725 3607 863 3688 τούτοις
885 3609 1000 3700 (eujus
1018 3615 1090 3678 loeo
1107 3637 1179 3684 τοι·

87 3722 203 3800 virore
223 3723 392 3808 legendum
413 3741 482 3786 esse
503 3713 706 3808 suaploabar)
729 3717 923 3804 ἐγγίνεσθαι
942 3717 1124 3808 πονιγρῖαν.
1176 3751 1181 3812 ζ

168 3834 333 3915 Tanagrae
352 3831 440 3895 urbis
460 3829 699 3906 raderafadluuo
720 3847 888 3911 superesse
909 3837 942 3890 et
954 3833 1088 3910 moenia,
1107 3839 1175 3896 tnr-
1206 3905 1211 3912 ἃ

87 3959 157 4020 rea,
178 3941 335 4003 theatrum
357 3945 391 4002 et
411 3927 624 4002 columnarum
644 3945 812 4018 praeterea
825 3937 1001 4000 Ionioarum
1023 3939 1174 4020 quaedam

87 4047 263 4132 fragmenta
285 4047 388 4112 adbno
409 4043 751 4126 eonspieillodwellus
770 4043 815 4122 ss,
836 4043 873 4123 1,
891 4063 933 4127 p.
953 4041 1017 4107 257
1040 4043 1174 4132 ibidem·

92 4173 153 4235 qua
166 4155 281 4235 ,oolam
310 4153 473 4228 albioautla
505 4151 623 4216 eoloris
643 4169 724 4230 esau
752 4151 877 4242 retulit
919 4149 968 4218 ci.
997 4150 1098 4236 Strab.
1130 4150 1173 4242 ill
