2734 4718
553 283 921 361 *358⁴*

193 475 214 542 ὁ
234 471 449 542 καταπλέων
471 473 564 540 ἐστὶν
587 475 634 553 εἰς
654 469 696 540 rii
711 469 890 565 ἐμπόριον,
907 479 956 540 'itr
969 483 1005 566 ut
1019 480 1052 542 ln
1066 477 1172 545 molto
1189 495 1287 561 qure-

192 587 263 650 ‹lonr
285 585 463 648 desiderari
481 586 678 648 ‘vilenutoa
718 583 781 648 (lui
797 577 925 666 quilleno
945 587 996 649 rei
1015 585 1120 666 aliqua
1141 605 1180 648 er
1194 595 1289 669 parte

189 711 378 756 succurrere
399 693 444 755 lto
465 707 647 774 possumus,
674 698 710 756 ut
729 693 924 773 potissimam
945 703 1091 770 erasnm,
1119 693 1160 756 ob
1193 711 1287 774 qnam

190 801 341 884 permulti
371 808 565 868 mercatores
585 803 619 866 ln
640 807 767 886 portum
787 801 1007 880 incellentur,¹
1021 818 1090 867 eam
1115 800 1288 868 habeamus

191 929 272 1000 quae
294 910 401 974 verbis
424 903 583 994 οένεηγυς
605 893 668 974 οὖν
688 903 845 1000 κειμένου
867 902 925 983 τῆς
946 905 1082 995 ἀγορᾶς
1107 911 1171 978 τοῦ
1192 903 1288 993 λιμέ-

189 1039 250 1093 νος
285 1019 464 1083 continetur
494 1036 595 1100 eaque
633 1039 714 1100 qnae
743 1020 888 1106 proxime
916 1020 1081 1100 excipiunt
1107 1022 1291 1084 occaretioa
1356 1061 1357 1094 ι

189 1133 308 1192 tantum
330 1125 509 1206 explicandi
523 1117 617 1192 cansa
637 1127 745 1195 adulto
761 1145 837 1189 esre
852 1143 1042 1192 censeamur.
1077 1125 1186 1190 Verba
1207 1123 1288 1190 ναέ-

189 1251 248 1317 της
270 1229 303 1294 δ’
326 1225 467 1316 ἔχεσθαι
489 1226 550 1322 τὴν
572 1225 707 1318 ἀγορὰν
721 1225 890 1300 πλατεῖαν
912 1251 949 1296 τε
965 1216 1074 1298 οὖσαν
1092 1235 1150 1300 καὶ
1166 1241 1288 1309 στοαῖς

190 1341 283 1424 τρισὶ
314 1334 593 1430 συνειλημμέυην,
625 1362 721 1423 quum
752 1361 770 1429 a
801 1327 979 1431 συμβαίνει
1015 1362 1079 1408 non
1106 1345 1181 1406 ratis
1211 1351 1288 1426 apte

187 1449 332 1531 pentlere
360 1450 505 1522 fortassis
527 1449 717 1528 ‘rideamne
749 1451 904 1532 quispiam
932 1453 1112 1532 suspicetur
1142 1451 1288 1514 oratione

186 1559 318 1639 obliquo
348 1561 393 1626 lta
417 1561 545 1642 prolata
572 1560 663 1642 largo
693 1562 762 1643 ejus
785 1562 839 1622 *rei
859 1559 979 1623 indicio
1000 1573 1091 1636 esse,
1123 1559 1210 1640 quoti
1232 1579 1286 1623 ex·

186 1673 321 1748 carptor
352 1685 424 1732 eum
451 1669 556 1732 locum
577 1668 765 1734 coniecerit.
814 1667 905 1749 Quod
927 1673 1031 1730 autem
1051 1667 1195 1750 plurimis
1218 1669 1288 1732 etli-

187 1777 311 1839 'tcribus
338 1777 520 1859 scrupulum
551 1773 615 1841 lroc
644 1779 714 1840 loco
744 1778 872 1860 injecit,
903 1773 989 1838 καθ’
1010 1765 1032 1838 ὅ
1050 1778 1230 1863 rectissime
1250 1794 1288 1840 se

187 1883 307 1950 hebere
338 1893 372 1947 et
399 1885 484 1967 nputl
506 1885 642 1950 (inillam
673 1885 778 1948 serbis
804 1885 863 1946 λου
890 1895 984 1970 porto
1012 1886 1132 1965 optime
1159 1902 1288 1947 versum

190 2009 260 2060 esse
279 1995 358 2059 milri
379 1993 514 2056 videtur.
565 1995 613 2056 sa
634 1995 716 2056 enim
735 1993 984 2076 significatione,
1010 2011 1081 2055 cum
1101 1992 1287 2056 Latinorum

188 2115 251 2182 pua
280 2105 314 2167 et
336 2099 396 2164 ἀέι·
413 2101 657 2179 conferendam,
687 2101 771 2164 haud
799 2119 872 2163 raro
902 2109 998 2180 atqua
1024 2101 1171 2182 inprimis
1200 2103 1286 2183 apotl

188 2207 374 2276 Strabonem
394 2209 557 2289 reperitur
578 2199 621 2271 ci.
642 2209 697 2285 lv,
718 2229 750 2290 p.
773 2207 835 2270 lec
855 2203 939 2270 καθ’
963 2199 984 2269 ὃ
1006 2197 1044 2270 δέ
1068 2204 1285 2293 συμπίπτου-

191 2334 243 2380 σιν
266 2315 286 2386 ὁ
311 2307 408 2403 Ἰσαρ
431 2307 594 2402 ποταμὸς
621 2337 651 2384 κ,
673 2341 705 2379 τ.
728 2310 760 2380 λ.
782 2338 815 2398 p.
837 2316 899 2380 18³
919 2305 1022 2400 διέχει
1043 2311 1076 2378 δ’
1099 2313 1120 2402 ἡ
1143 2307 1288 2401 Νέμαυ-

191 2433 253 2497 σος
280 2421 343 2491 τοῦ
371 2411 433 2508 μὲν
451 2417 624 2494 Ῥοδανοῦ
651 2425 732 2504 περὶ
761 2411 888 2492 ἑκατὸν
917 2419 1093 2498 σταδίους,
1123 2413 1220 2486 καθὸ
1251 2421 1288 2489 έν

189 2527 233 2616 τῇ
253 2512 383 2614 περαίηι
404 2525 584 2612 πολίχνιόν
606 2528 678 2592 ἐστι
698 2524 905 2614 Toparon».
948 2530 1057 2593 Omnis
1076 2531 1177 2613 igilur
1197 2531 1288 2594 locus

188 2639 233 2708 ita
254 2639 403 2706 constitui
424 2644 549 2718 potest,
579 2644 614 2698 ut
634 2631 719 2701 καθ’
742 2629 764 2698 ὁ
785 2627 823 2698 δέ
844 2635 1024 2722 συμβαίνει
1044 2627 1106 2722 τὴν
1127 2627 1222 2700 κατὰ
1243 2629 1285 2700 ro*

189 2733 360 2833 ἐμπόριον
382 2733 467 2808 εἶναι
487 2739 600 2832 ιιύλην
629 2765 648 2808 a
667 2745 933 2826 praecellentibus
953 2750 1098 2826 separate
1119 2745 1285 2808 relativam

188 2857 375 2924 sententiam
396 2855 540 2931 efficere,
560 2853 656 2915 verba
676 2859 780 2915 cutem
802 2845 928 2939 ταύτης
950 2844 1093 2931 ἔχεσθαι
1114 2841 1175 2939 την
1198 2856 1284 2938 αἠο-

188 2956 256 3050 ρὰν
277 2955 449 3035 πλατεῖαν
477 2979 515 3024 τε
537 2945 648 3024 οὖσαν
674 2961 735 3027 καὶ
757 2968 877 3036 στοαῖς
905 2963 994 3042 τρισὶ
1016 2956 1285 3050 συνειλημμένον

189 3081 249 3158 pro
273 3071 516 3134 demonstrativa
546 3089 626 3150 qnae
654 3069 701 3135 illi
729 3070 879 3130 relativae
907 3069 1100 3150 respondent
1126 3074 1287 3134 sententia

187 3179 333 3252 habenda
354 3196 423 3240 erse
444 3177 625 3258 cogitentur
645 3179 678 3238 in
697 3195 798 3255 esque
819 3177 1013 3239 accusativus
1034 3195 1106 3238 cum
1127 3177 1285 3240 infinitivo

189 3284 411 3369 εσυμβαίνει
438 3291 543 3353 moute
573 3285 689 3350 iterum
722 3283 902 3364 adjiciendo
917 3283 1106 3364 repetatur.
1161 3285 1286 3347 Eadem

187 3411 264 3459 roro
287 3393 392 3483 ellipsi
414 3392 593 3468 constituto,
614 3392 717 3452 omnia
737 3391 791 3452 illa
811 3391 908 3453 verbo
929 3409 990 3471 pro
1010 3392 1143 3454 relativa
1162 3397 1284 3455 trulum

188 3503 360 3577 sententia,
390 3517 470 3581 quoe
499 3499 763 3588 praecedentibus
784 3506 930 3570 accurate
952 3499 1099 3581 adjuncto
1119 3501 1178 3577 sit,
1207 3501 1287 3563 licet

188 3608 402 3682 considerare,
425 3625 598 3686 quanquam
613 3608 676 3688 jern
690 3607 847 3688 particule
867 3595 907 3669 δέ
927 3606 1107 3688 adjicienda
1125 3609 1157 3672 io
1174 3615 1286 3690 porte·

185 3717 268 3779 riori
299 3716 368 3798 ejus
396 3721 489 3794 parte
518 3720 551 3774 et
579 3715 681 3794 priori
712 3713 894 3775 omittenda.
943 3713 989 3774 lte
1017 3715 1111 3776 etiam
1139 3713 1284 3777 Maurius

189 3824 328 3905 quamvis
349 3811 391 3884 δέ
410 3839 471 3883 non
494 3819 606 3888 elisum
627 3821 805 3909 proferens,
827 3839 885 3884 nec
907 3840 969 3882 nnn
989 3821 1110 3884 (icilius
1130 3821 1283 3884 mliore-

187 3937 271 3996 runt.
322 3929 440 3998 Contra
466 3927 607 3990 Merxiur
634 3927 847 3992 'adverbialem
872 3927 1040 3989 verborum
1069 3925 1155 3990 καθ’
1178 3911 1200 3989 έ
1225 3947 1285 3991 no·

188 4037 306 4099 tionem
327 4037 394 4098 sive
408 4037 555 4116 ignorans
576 4035 642 4096 sive
663 4041 771 4097 nostro
786 4035 856 4095 loco
872 4053 933 4095 non
951 4033 1165 4111 considerans,
1187 4051 1284 4114 prce-

160 4221 168 4234 Ι
189 4144 369 4206 cedentium
391 4139 478 4224 παρ’
500 4130 590 4203 αὐτὰ
606 4131 650 4202 τὰ
670 4147 737 4202 τοῦ
758 4129 893 4226 λιμένος
916 4146 1006 4225 τείχη
1029 4142 1152 4204 ratione
1173 4141 1283 4204 hibita

190 4248 281 4312 καθ’
305 4239 327 4309 ἅ
348 4249 399 4310 vel
418 4243 516 4331 παρ’
541 4236 565 4308 ἅ
586 4253 639 4310 sut
653 4248 745 4311 lla-ut
767 4247 806 4310 etl
828 4240 968 4332 λιμένος
986 4247 1164 4312 referretur
1180 4245 1284 4312 καθ’
