<?xml version="1.0" encoding="UTF-8"?>
<!DOCTYPE html PUBLIC "-//W3C//DTD XHTML 1.0 Transitional//EN"
    "http://www.w3.org/TR/xhtml1/DTD/xhtml1-transitional.dtd">
<html xmlns="http://www.w3.org/1999/xhtml" xml:lang="en" lang="en">
 <head>
  <title>
</title>
<meta http-equiv="Content-Type" content="text/html;charset=utf-8" />
  <meta name='ocr-system' content='tesseract 3.04.00' />
  <meta name='ocr-capabilities' content='ocr_page ocr_carea ocr_par ocr_line ocrx_word'/>
</head>
<body>
  <div class='ocr_page' id='page_1' title='image "./dicaearchimesse00fuhrgoog_0396.png"; bbox 0 0 2734 4718; ppageno 0'>
   <div class='ocr_carea' id='block_1_1' title="bbox 473 310 842 415">
    <p class='ocr_par' dir='ltr' id='par_1_1' title="bbox 473 310 842 415">
     <span class='ocr_line' id='line_1_1' title="bbox 473 310 842 415; baseline -0.005 -29"><span class='ocrx_word' id='word_1_1' title='bbox 473 310 842 415; x_wconf 53' lang='grc' dir='ltr'>’ξ’-381*</span> 
     </span>
    </p>
   </div>
   <div class='ocr_carea' id='block_1_2' title="bbox 103 483 1209 1120">
    <p class='ocr_par' dir='ltr' id='par_1_2' title="bbox 103 483 1209 1120">
     <span class='ocr_line' id='line_1_2' title="bbox 103 483 1206 583; baseline 0.001 -20"><span class='ocrx_word' id='word_1_2' title='bbox 103 502 243 563; x_wconf 74' lang='grc' dir='ltr'>’τοΙιίΙοιιι</span> <span class='ocrx_word' id='word_1_3' title='bbox 258 521 337 564; x_wconf 85' lang='lat' dir='ltr'><strong>esse.</strong></span> <span class='ocrx_word' id='word_1_4' title='bbox 371 501 543 564; x_wconf 86' lang='lat' dir='ltr'><strong>Palmerius</strong></span> <span class='ocrx_word' id='word_1_5' title='bbox 559 503 614 564; x_wconf 85' lang='lat' dir='ltr'><strong>Gr.</strong></span> <span class='ocrx_word' id='word_1_6' title='bbox 629 483 690 564; x_wconf 88' lang='lat' dir='ltr'><strong>ant.</strong></span> <span class='ocrx_word' id='word_1_7' title='bbox 714 523 745 583; x_wconf 94' lang='lat' dir='ltr'><strong>p.</strong></span> <span class='ocrx_word' id='word_1_8' title='bbox 759 501 781 563; x_wconf 85' lang='grc'>8</span> <span class='ocrx_word' id='word_1_9' title='bbox 800 509 833 564; x_wconf 89' lang='lat' dir='ltr'><strong>et</strong></span> <span class='ocrx_word' id='word_1_10' title='bbox 846 502 1023 565; x_wconf 79' lang='lat' dir='ltr'>Gronovius</span> <span class='ocrx_word' id='word_1_11' title='bbox 1037 501 1206 582; x_wconf 80' lang='lat' dir='ltr'><strong>legendum</strong></span> 
     </span>
     <span class='ocr_line' id='line_1_3' title="bbox 110 601 1206 698; baseline 0.001 -28"><span class='ocrx_word' id='word_1_12' title='bbox 110 613 319 692; x_wconf 84' lang='lat' dir='ltr'><strong>conjecerunt</strong></span> <span class='ocrx_word' id='word_1_13' title='bbox 341 605 409 694; x_wconf 84' lang='grc' dir='ltr'><strong>ἀφ’</strong></span> <span class='ocrx_word' id='word_1_14' title='bbox 423 601 589 698; x_wconf 69' lang='grc' dir='ltr'><em>Ἕλληνος</em></span> <span class='ocrx_word' id='word_1_15' title='bbox 609 602 748 695; x_wconf 78' lang='grc' dir='ltr'><em>πατρὸς</em></span> <span class='ocrx_word' id='word_1_16' title='bbox 770 617 833 674; x_wconf 87' lang='grc' dir='ltr'><strong>τοῦ</strong></span> <span class='ocrx_word' id='word_1_17' title='bbox 853 604 998 686; x_wconf 81' lang='grc' dir='ltr'><strong><em>Αἰόλου,</em></strong></span> <span class='ocrx_word' id='word_1_18' title='bbox 1022 611 1107 690; x_wconf 89' lang='lat' dir='ltr'><strong>quod</strong></span> <span class='ocrx_word' id='word_1_19' title='bbox 1129 621 1206 691; x_wconf 88' lang='lat' dir='ltr'><strong>sup·</strong></span> 
     </span>
     <span class='ocr_line' id='line_1_4' title="bbox 109 697 1208 803; baseline -0.003 -22"><span class='ocrx_word' id='word_1_20' title='bbox 109 722 304 802; x_wconf 88' lang='lat' dir='ltr'><strong>plementum</strong></span> <span class='ocrx_word' id='word_1_21' title='bbox 326 721 510 803; x_wconf 79' lang='lat' dir='ltr'><strong>cogitando,</strong></span> <span class='ocrx_word' id='word_1_22' title='bbox 537 739 599 798; x_wconf 84' lang='lat' dir='ltr'><strong>nnn</strong></span> <span class='ocrx_word' id='word_1_23' title='bbox 619 723 695 782; x_wconf 90' lang='lat' dir='ltr'><strong>item</strong></span> <span class='ocrx_word' id='word_1_24' title='bbox 716 697 886 782; x_wconf 87' lang='lat' dir='ltr'><strong>scribendo</strong></span> <span class='ocrx_word' id='word_1_25' title='bbox 907 721 1116 781; x_wconf 87' lang='lat' dir='ltr'><strong>necessarium</strong></span> <span class='ocrx_word' id='word_1_26' title='bbox 1138 735 1208 779; x_wconf 87' lang='lat' dir='ltr'><strong>esse</strong></span> 
     </span>
     <span class='ocr_line' id='line_1_5' title="bbox 109 826 1208 914; baseline -0.001 -27"><span class='ocrx_word' id='word_1_27' title='bbox 109 847 210 914; x_wconf 84' lang='lat' dir='ltr'><strong>supra</strong></span> <span class='ocrx_word' id='word_1_28' title='bbox 242 827 386 890; x_wconf 84' lang='lat' dir='ltr'><strong>vidimus.</strong></span> <span class='ocrx_word' id='word_1_29' title='bbox 437 828 603 890; x_wconf 72' lang='lat' dir='ltr'>Salmasius</span> <span class='ocrx_word' id='word_1_30' title='bbox 632 849 727 908; x_wconf 88' lang='lat' dir='ltr'><strong>quam</strong></span> <span class='ocrx_word' id='word_1_31' title='bbox 747 829 792 910; x_wconf 45' lang='lat' dir='ltr'><strong>¹ad</strong></span> <span class='ocrx_word' id='word_1_32' title='bbox 814 830 910 890; x_wconf 90' lang='lat' dir='ltr'><strong>Solin.</strong></span> <span class='ocrx_word' id='word_1_33' title='bbox 930 847 963 908; x_wconf 92' lang='lat' dir='ltr'><strong>p.</strong></span> <span class='ocrx_word' id='word_1_34' title='bbox 986 826 1046 887; x_wconf 78' lang='lat' dir='ltr'><strong>lna</strong></span> <span class='ocrx_word' id='word_1_35' title='bbox 1068 831 1208 887; x_wconf 90' lang='lat' dir='ltr'><strong>nostrum</strong></span> 
     </span>
     <span class='ocr_line' id='line_1_6' title="bbox 111 921 1209 1020; baseline 0 -26"><span class='ocrx_word' id='word_1_36' title='bbox 111 935 222 994; x_wconf 85' lang='lat' dir='ltr'><strong>lacum·</strong></span> <span class='ocrx_word' id='word_1_37' title='bbox 241 935 399 1014; x_wconf 83' lang='lat' dir='ltr'><strong>integrum</strong></span> <span class='ocrx_word' id='word_1_38' title='bbox 420 935 622 1014; x_wconf 75' lang='lat' dir='ltr'><strong>reliquisset,</strong></span> <span class='ocrx_word' id='word_1_39' title='bbox 644 933 685 1020; x_wconf 82' lang='lat' dir='ltr'><strong>dc</strong></span> <span class='ocrx_word' id='word_1_40' title='bbox 705 935 781 1015; x_wconf 78' lang='lat' dir='ltr'><strong>ling.</strong></span> <span class='ocrx_word' id='word_1_41' title='bbox 801 934 885 997; x_wconf 84' lang='lat' dir='ltr'><strong>Heli.</strong></span> <span class='ocrx_word' id='word_1_42' title='bbox 907 927 939 1013; x_wconf 89' lang='lat' dir='ltr'><strong>p.</strong></span> <span class='ocrx_word' id='word_1_43' title='bbox 958 923 1022 994; x_wconf 74' lang='grc'><strong>355</strong></span> <span class='ocrx_word' id='word_1_44' title='bbox 1035 921 1209 1020; x_wconf 64' lang='grc' dir='ltr'><strong>’Ἕλληνος</strong></span> 
     </span>
     <span class='ocr_line' id='line_1_7' title="bbox 111 1035 1207 1120; baseline 0.001 -20"><span class='ocrx_word' id='word_1_45' title='bbox 111 1039 179 1100; x_wconf 79' lang='grc' dir='ltr'><strong>τοῦ</strong></span> <span class='ocrx_word' id='word_1_46' title='bbox 208 1035 459 1113; x_wconf 81' lang='grc' dir='ltr'><em>Δευκαλίωνος</em></span> <span class='ocrx_word' id='word_1_47' title='bbox 486 1039 686 1102; x_wconf 86' lang='lat' dir='ltr'><strong>scribendum</strong></span> <span class='ocrx_word' id='word_1_48' title='bbox 713 1058 784 1100; x_wconf 88' lang='lat' dir='ltr'><strong>esse</strong></span> <span class='ocrx_word' id='word_1_49' title='bbox 810 1042 985 1120; x_wconf 86' lang='lat' dir='ltr'><strong>suspicatus</strong></span> <span class='ocrx_word' id='word_1_50' title='bbox 1014 1047 1078 1114; x_wconf 89' lang='lat' dir='ltr'><strong>est,</strong></span> <span class='ocrx_word' id='word_1_51' title='bbox 1115 1059 1207 1119; x_wconf 85' lang='lat' dir='ltr'><strong>quam</strong></span> 
     </span>
    </p>
   </div>
   <div class='ocr_carea' id='block_1_3' title="bbox 67 1143 1310 1228">
    <p class='ocr_par' dir='ltr' id='par_1_3' title="bbox 67 1143 1310 1228">
     <span class='ocr_line' id='line_1_8' title="bbox 67 1143 1310 1228; baseline 0 -20"><span class='ocrx_word' id='word_1_52' title='bbox 67 1211 72 1220; x_wconf 70' lang='grc'>,</span> <span class='ocrx_word' id='word_1_53' title='bbox 121 1153 233 1208; x_wconf 87' lang='lat' dir='ltr'><strong>contra</strong></span> <span class='ocrx_word' id='word_1_54' title='bbox 261 1148 493 1228; x_wconf 79' lang='lat' dir='ltr'><strong>conjecturam,</strong></span> <span class='ocrx_word' id='word_1_55' title='bbox 523 1167 564 1208; x_wconf 89' lang='lat' dir='ltr'><strong>ne</strong></span> <span class='ocrx_word' id='word_1_56' title='bbox 594 1143 928 1227; x_wconf 76' lang='lat' dir='ltr'><strong>de&#39;palaeographica</strong></span> <span class='ocrx_word' id='word_1_57' title='bbox 957 1146 1209 1209; x_wconf 76' lang='lat' dir='ltr'><strong>dissimilitudine</strong></span> <span class='ocrx_word' id='word_1_58' title='bbox 1307 1218 1310 1223; x_wconf 23' lang='lat'>¹</span> 
     </span>
    </p>
   </div>
   <div class='ocr_carea' id='block_1_4' title="bbox 112 1253 1208 1334">
    <p class='ocr_par' dir='ltr' id='par_1_4' title="bbox 112 1253 1208 1334">
     <span class='ocr_line' id='line_1_9' title="bbox 112 1253 1208 1334; baseline 0.001 -20"><span class='ocrx_word' id='word_1_59' title='bbox 112 1254 284 1328; x_wconf 86' lang='lat' dir='ltr'><strong>disseram,</strong></span> <span class='ocrx_word' id='word_1_60' title='bbox 320 1255 410 1334; x_wconf 84' lang='lat' dir='ltr'><strong>cujus</strong></span> <span class='ocrx_word' id='word_1_61' title='bbox 446 1255 479 1314; x_wconf 86' lang='lat' dir='ltr'><strong>in</strong></span> <span class='ocrx_word' id='word_1_62' title='bbox 509 1253 686 1313; x_wconf 89' lang='lat' dir='ltr'><strong>nominihus</strong></span> <span class='ocrx_word' id='word_1_63' title='bbox 716 1253 857 1331; x_wconf 85' lang='lat' dir='ltr'><strong>propriis</strong></span> <span class='ocrx_word' id='word_1_64' title='bbox 888 1253 942 1312; x_wconf 89' lang='lat' dir='ltr'><strong>uhi</strong></span> <span class='ocrx_word' id='word_1_65' title='bbox 969 1253 1104 1334; x_wconf 84' lang='lat' dir='ltr'><strong>librarii</strong></span> <span class='ocrx_word' id='word_1_66' title='bbox 1122 1274 1208 1315; x_wconf 84' lang='lat' dir='ltr'><strong>ruam</strong></span> 
     </span>
    </p>
   </div>
   <div class='ocr_carea' id='block_1_5' title="bbox 110 1357 1249 1988">
    <p class='ocr_par' dir='ltr' id='par_1_5' title="bbox 110 1357 1249 1988">
     <span class='ocr_line' id='line_1_10' title="bbox 116 1357 1209 1440; baseline 0.001 -20"><span class='ocrx_word' id='word_1_67' title='bbox 116 1357 291 1423; x_wconf 83' lang='lat' dir='ltr'><strong>doctrinam</strong></span> <span class='ocrx_word' id='word_1_68' title='bbox 314 1378 392 1440; x_wconf 86' lang='lat' dir='ltr'><strong>prae</strong></span> <span class='ocrx_word' id='word_1_69' title='bbox 420 1379 454 1422; x_wconf 87' lang='lat' dir='ltr'><strong>se</strong></span> <span class='ocrx_word' id='word_1_70' title='bbox 475 1359 564 1420; x_wconf 76' lang='lat' dir='ltr'><strong>ferre</strong></span> <span class='ocrx_word' id='word_1_71' title='bbox 585 1366 618 1421; x_wconf 90' lang='lat' dir='ltr'><strong>et</strong></span> <span class='ocrx_word' id='word_1_72' title='bbox 640 1360 859 1439; x_wconf 66' lang='lat' dir='ltr'><strong>discrepantes</strong></span> <span class='ocrx_word' id='word_1_73' title='bbox 880 1362 1051 1421; x_wconf 80' lang='lat' dir='ltr'><strong>sententias</strong></span> <span class='ocrx_word' id='word_1_74' title='bbox 1071 1363 1209 1440; x_wconf 84' lang='lat' dir='ltr'><strong>scripto-</strong></span> 
     </span>
     <span class='ocr_line' id='line_1_11' title="bbox 110 1466 1207 1562; baseline 0 -33"><span class='ocrx_word' id='word_1_75' title='bbox 110 1489 182 1530; x_wconf 91' lang='lat' dir='ltr'><strong>rum</strong></span> <span class='ocrx_word' id='word_1_76' title='bbox 204 1469 365 1529; x_wconf 81' lang='lat' dir='ltr'><strong>contextui</strong></span> <span class='ocrx_word' id='word_1_77' title='bbox 392 1468 559 1530; x_wconf 84' lang='lat' dir='ltr'><strong>intrudere</strong></span> <span class='ocrx_word' id='word_1_78' title='bbox 588 1468 672 1529; x_wconf 91' lang='lat' dir='ltr'><strong>haud</strong></span> <span class='ocrx_word' id='word_1_79' title='bbox 701 1487 774 1528; x_wconf 89' lang='lat' dir='ltr'><strong>raro</strong></span> <span class='ocrx_word' id='word_1_80' title='bbox 796 1466 976 1528; x_wconf 79' lang='lat' dir='ltr'><strong>studuerint</strong></span> <span class='ocrx_word' id='word_1_81' title='bbox 1004 1470 1106 1562; x_wconf 81' lang='lat' dir='ltr'><strong>minor</strong></span> <span class='ocrx_word' id='word_1_82' title='bbox 1126 1471 1207 1529; x_wconf 89' lang='lat' dir='ltr'><strong>ratic</strong></span> 
     </span>
     <span class='ocr_line' id='line_1_12' title="bbox 113 1574 1249 1654; baseline -0.002 -14"><span class='ocrx_word' id='word_1_83' title='bbox 113 1577 258 1640; x_wconf 86' lang='lat' dir='ltr'><strong>habenda</strong></span> <span class='ocrx_word' id='word_1_84' title='bbox 279 1596 349 1639; x_wconf 86' lang='lat' dir='ltr'><strong>esse</strong></span> <span class='ocrx_word' id='word_1_85' title='bbox 370 1579 525 1654; x_wconf 88' lang='lat' dir='ltr'><strong>videatur,</strong></span> <span class='ocrx_word' id='word_1_86' title='bbox 545 1593 674 1638; x_wconf 86' lang='lat' dir='ltr'><strong>monere</strong></span> <span class='ocrx_word' id='word_1_87' title='bbox 696 1577 782 1651; x_wconf 87' lang='lat' dir='ltr'><strong>licet,</strong></span> <span class='ocrx_word' id='word_1_88' title='bbox 803 1578 890 1638; x_wconf 89' lang='lat' dir='ltr'><strong>illum</strong></span> <span class='ocrx_word' id='word_1_89' title='bbox 912 1577 1077 1640; x_wconf 87' lang='lat' dir='ltr'><strong>llelleuem</strong></span> <span class='ocrx_word' id='word_1_90' title='bbox 1099 1574 1209 1639; x_wconf 73' lang='lat' dir='ltr'><strong>rec&#39;uu·</strong></span> <span class='ocrx_word' id='word_1_91' title='bbox 1248 1574 1249 1578; x_wconf 66' lang='grc'>’</span> 
     </span>
     <span class='ocr_line' id='line_1_13' title="bbox 114 1683 1208 1764; baseline -0.003 -19"><span class='ocrx_word' id='word_1_92' title='bbox 114 1685 189 1745; x_wconf 85' lang='lat' dir='ltr'><strong>dnm</strong></span> <span class='ocrx_word' id='word_1_93' title='bbox 209 1685 398 1764; x_wconf 78' lang='lat' dir='ltr'><strong>Euripidem</strong></span> <span class='ocrx_word' id='word_1_94' title='bbox 432 1683 559 1762; x_wconf 81' lang='lat' dir='ltr'><strong>quidem</strong></span> <span class='ocrx_word' id='word_1_95' title='bbox 588 1683 755 1762; x_wconf 80' lang='lat' dir='ltr'><strong>ipsumque</strong></span> <span class='ocrx_word' id='word_1_96' title='bbox 786 1683 1010 1742; x_wconf 75' lang='lat' dir='ltr'><strong>Dicaearchum</strong></span> <span class='ocrx_word' id='word_1_97' title='bbox 1038 1683 1082 1764; x_wconf 81' lang='lat' dir='ltr'><strong>cf.</strong></span> <span class='ocrx_word' id='word_1_98' title='bbox 1115 1683 1208 1758; x_wconf 85' lang='lat' dir='ltr'><strong>inira,</strong></span> 
     </span>
     <span class='ocr_line' id='line_1_14' title="bbox 113 1779 1208 1874; baseline -0.002 -21"><span class='ocrx_word' id='word_1_99' title='bbox 113 1799 210 1872; x_wconf 85' lang='lat' dir='ltr'><strong>atquc</strong></span> <span class='ocrx_word' id='word_1_100' title='bbox 231 1785 425 1874; x_wconf 74' lang='lat' dir='ltr'><strong>Hesychium</strong></span> <span class='ocrx_word' id='word_1_101' title='bbox 446 1799 468 1854; x_wconf 88' lang='lat' dir='ltr'><strong>t.</strong></span> <span class='ocrx_word' id='word_1_102' title='bbox 490 1791 513 1866; x_wconf 92' lang='lat' dir='ltr'><strong>l,</strong></span> <span class='ocrx_word' id='word_1_103' title='bbox 534 1809 567 1870; x_wconf 87' lang='lat' dir='ltr'><strong>p.</strong></span> <span class='ocrx_word' id='word_1_104' title='bbox 589 1779 870 1873; x_wconf 71' lang='grc' dir='ltr'>1101Ἕλληνες,</span> <span class='ocrx_word' id='word_1_105' title='bbox 894 1789 930 1850; x_wconf 87' lang='grc' dir='ltr'><strong>οἱ</strong></span> <span class='ocrx_word' id='word_1_106' title='bbox 949 1781 1023 1851; x_wconf 78' lang='grc' dir='ltr'><strong>ἀπὸ</strong></span> <span class='ocrx_word' id='word_1_107' title='bbox 1047 1787 1112 1862; x_wconf 82' lang='grc' dir='ltr'><strong>τοῦ</strong></span> <span class='ocrx_word' id='word_1_108' title='bbox 1126 1779 1208 1851; x_wconf 85' lang='grc' dir='ltr'><strong>Ἕλ-</strong></span> 
     </span>
     <span class='ocr_line' id='line_1_15' title="bbox 115 1879 1236 1988; baseline -0.004 -26"><span class='ocrx_word' id='word_1_109' title='bbox 115 1895 237 1988; x_wconf 74' lang='grc' dir='ltr'><em>ληνος,</em></span> <span class='ocrx_word' id='word_1_110' title='bbox 268 1900 332 1961; x_wconf 81' lang='grc' dir='ltr'><strong>τοῦ</strong></span> <span class='ocrx_word' id='word_1_111' title='bbox 354 1889 444 1973; x_wconf 84' lang='grc' dir='ltr'>Διός</span> <span class='ocrx_word' id='word_1_112' title='bbox 472 1895 541 1981; x_wconf 89' lang='lat' dir='ltr'><strong>(ita</strong></span> <span class='ocrx_word' id='word_1_113' title='bbox 569 1899 652 1959; x_wconf 89' lang='lat' dir='ltr'><strong>enim</strong></span> <span class='ocrx_word' id='word_1_114' title='bbox 674 1879 819 1958; x_wconf 85' lang='lat' dir='ltr'><strong>Valesius</strong></span> <span class='ocrx_word' id='word_1_115' title='bbox 847 1916 905 1976; x_wconf 93' lang='lat' dir='ltr'><strong>pro</strong></span> <span class='ocrx_word' id='word_1_116' title='bbox 931 1898 1057 1978; x_wconf 80' lang='lat' dir='ltr'><strong>vulgata</strong></span> <span class='ocrx_word' id='word_1_117' title='bbox 1079 1893 1115 1956; x_wconf 86' lang='grc' dir='ltr'><strong>οἱ</strong></span> <span class='ocrx_word' id='word_1_118' title='bbox 1133 1889 1209 1958; x_wconf 80' lang='grc' dir='ltr'><strong>αἰιό</strong></span> <span class='ocrx_word' id='word_1_119' title='bbox 1234 1920 1236 1925; x_wconf 96' lang='grc'><strong><em>·</em></strong></span> 
     </span>
    </p>
   </div>
   <div class='ocr_carea' id='block_1_6' title="bbox 110 1994 1322 2838">
    <p class='ocr_par' dir='ltr' id='par_1_6' title="bbox 110 1994 1322 2838">
     <span class='ocr_line' id='line_1_16' title="bbox 112 1994 1209 2090; baseline -0.001 -21"><span class='ocrx_word' id='word_1_120' title='bbox 112 2005 177 2069; x_wconf 77' lang='grc' dir='ltr'><strong>τοῦ</strong></span> <span class='ocrx_word' id='word_1_121' title='bbox 202 1996 290 2078; x_wconf 81' lang='grc' dir='ltr'>Διὸς</span> <span class='ocrx_word' id='word_1_122' title='bbox 318 2005 384 2067; x_wconf 77' lang='grc' dir='ltr'><strong>τοῦ</strong></span> <span class='ocrx_word' id='word_1_123' title='bbox 398 1994 572 2090; x_wconf 71' lang='grc' dir='ltr'><em>’Ἕλληνος</em></span> <span class='ocrx_word' id='word_1_124' title='bbox 600 2004 837 2066; x_wconf 86' lang='lat' dir='ltr'><strong>rescribendum</strong></span> <span class='ocrx_word' id='word_1_125' title='bbox 853 2003 928 2065; x_wconf 61' lang='lat' dir='ltr'><strong>&#39;esse</strong></span> <span class='ocrx_word' id='word_1_126' title='bbox 949 2005 1125 2066; x_wconf 86' lang='lat' dir='ltr'><strong>rectissime</strong></span> <span class='ocrx_word' id='word_1_127' title='bbox 1147 2013 1209 2068; x_wconf 88' lang='lat' dir='ltr'><strong>sta·</strong></span> 
     </span>
     <span class='ocr_line' id='line_1_17' title="bbox 110 2095 1209 2201; baseline -0.003 -25"><span class='ocrx_word' id='word_1_128' title='bbox 110 2107 196 2201; x_wconf 87' lang='lat' dir='ltr'><strong>tuit)</strong></span> <span class='ocrx_word' id='word_1_129' title='bbox 227 2114 268 2176; x_wconf 88' lang='lat' dir='ltr'><strong>ci.</strong></span> <span class='ocrx_word' id='word_1_130' title='bbox 298 2095 396 2175; x_wconf 83' lang='lat' dir='ltr'><strong>etiam</strong></span> <span class='ocrx_word' id='word_1_131' title='bbox 423 2111 586 2175; x_wconf 84' lang='lat' dir='ltr'><strong>lamblichi</strong></span> <span class='ocrx_word' id='word_1_132' title='bbox 611 2113 714 2174; x_wconf 91' lang='lat' dir='ltr'><strong>locum</strong></span> <span class='ocrx_word' id='word_1_133' title='bbox 743 2132 840 2193; x_wconf 89' lang='lat' dir='ltr'><strong>supra</strong></span> <span class='ocrx_word' id='word_1_134' title='bbox 862 2115 1072 2194; x_wconf 83' lang='lat' dir='ltr'><strong>exscriptum,</strong></span> <span class='ocrx_word' id='word_1_135' title='bbox 1104 2113 1209 2193; x_wconf 86' lang='lat' dir='ltr'><strong>Apoll.</strong></span> 
     </span>
     <span class='ocr_line' id='line_1_18' title="bbox 112 2216 1322 2306; baseline -0.001 -23"><span class='ocrx_word' id='word_1_136' title='bbox 112 2221 220 2296; x_wconf 76' lang='lat' dir='ltr'><strong>Schol.</strong></span> <span class='ocrx_word' id='word_1_137' title='bbox 241 2221 272 2298; x_wconf 87' lang='lat'><strong>1,</strong></span> <span class='ocrx_word' id='word_1_138' title='bbox 294 2216 377 2301; x_wconf 63' lang='lat' dir='ltr'><strong>plu.</strong></span> <span class='ocrx_word' id='word_1_139' title='bbox 399 2219 477 2296; x_wconf 79' lang='grc'>1112,</span> <span class='ocrx_word' id='word_1_140' title='bbox 505 2221 710 2282; x_wconf 83' lang='lat' dir='ltr'><strong>lovislilium</strong></span> <span class='ocrx_word' id='word_1_141' title='bbox 731 2221 847 2297; x_wconf 86' lang='lat' dir='ltr'><strong>fuisse,</strong></span> <span class='ocrx_word' id='word_1_142' title='bbox 880 2229 912 2282; x_wconf 86' lang='lat' dir='ltr'><strong>ct</strong></span> <span class='ocrx_word' id='word_1_143' title='bbox 934 2221 1125 2302; x_wconf 87' lang='lat' dir='ltr'><strong>Stephanum</strong></span> <span class='ocrx_word' id='word_1_144' title='bbox 1142 2223 1210 2300; x_wconf 85' lang='lat' dir='ltr'><strong>lly-</strong></span> <span class='ocrx_word' id='word_1_145' title='bbox 1273 2302 1275 2306; x_wconf 18' lang='grc' dir='ltr'>Ι</span> <span class='ocrx_word' id='word_1_146' title='bbox 1319 2247 1322 2252; x_wconf 93' lang='grc'><em>·</em></span> 
     </span>
     <span class='ocr_line' id='line_1_19' title="bbox 114 2312 1210 2404; baseline 0 -16"><span class='ocrx_word' id='word_1_147' title='bbox 114 2331 271 2389; x_wconf 79' lang='lat' dir='ltr'><strong>cautinum</strong></span> <span class='ocrx_word' id='word_1_148' title='bbox 295 2329 422 2388; x_wconf 77' lang='lat' dir='ltr'><strong>disertis</strong></span> <span class='ocrx_word' id='word_1_149' title='bbox 444 2329 552 2392; x_wconf 82' lang='lat' dir='ltr'><strong>verbis</strong></span> <span class='ocrx_word' id='word_1_150' title='bbox 570 2345 757 2404; x_wconf 83' lang='lat' dir='ltr'><strong>memorare,</strong></span> <span class='ocrx_word' id='word_1_151' title='bbox 779 2348 849 2388; x_wconf 92' lang='lat' dir='ltr'><strong>eum</strong></span> <span class='ocrx_word' id='word_1_152' title='bbox 864 2312 1029 2390; x_wconf 87' lang='lat' dir='ltr'><strong>Hellenem</strong></span> <span class='ocrx_word' id='word_1_153' title='bbox 1050 2347 1110 2390; x_wconf 93' lang='grc' dir='ltr'>ιιοιι</span> <span class='ocrx_word' id='word_1_154' title='bbox 1128 2328 1210 2389; x_wconf 80' lang='lat' dir='ltr'><strong>lleu·</strong></span> 
     </span>
     <span class='ocr_line' id='line_1_20' title="bbox 114 2413 1211 2522; baseline 0.002 -26"><span class='ocrx_word' id='word_1_155' title='bbox 114 2434 250 2496; x_wconf 67' lang='lat' dir='ltr'><strong>carrona</strong></span> <span class='ocrx_word' id='word_1_156' title='bbox 269 2434 383 2511; x_wconf 81' lang='lat' dir='ltr'><strong>fuisse,</strong></span> <span class='ocrx_word' id='word_1_157' title='bbox 404 2413 462 2494; x_wconf 66' lang='grc' dir='ltr'><strong>εει</strong></span> <span class='ocrx_word' id='word_1_158' title='bbox 483 2435 646 2522; x_wconf 75' lang='lat' dir='ltr'><strong>uellenem</strong></span> <span class='ocrx_word' id='word_1_159' title='bbox 668 2437 816 2496; x_wconf 67' lang='lat' dir='ltr'><strong>uncinum</strong></span> <span class='ocrx_word' id='word_1_160' title='bbox 839 2428 946 2520; x_wconf 77' lang='lat' dir='ltr'><strong>(nvn</strong></span> <span class='ocrx_word' id='word_1_161' title='bbox 966 2437 1079 2511; x_wconf 78' lang='lat' dir='ltr'><strong>atrum,</strong></span> <span class='ocrx_word' id='word_1_162' title='bbox 1108 2443 1144 2496; x_wconf 79' lang='lat' dir='ltr'><strong>n</strong></span> <span class='ocrx_word' id='word_1_163' title='bbox 1164 2439 1211 2498; x_wconf 81' lang='lat' dir='ltr'><strong>vr-</strong></span> 
     </span>
     <span class='ocr_line' id='line_1_21' title="bbox 114 2541 1209 2624; baseline 0.005 -22"><span class='ocrx_word' id='word_1_164' title='bbox 114 2543 230 2603; x_wconf 78' lang='lat' dir='ltr'><strong>deturr</strong></span> <span class='ocrx_word' id='word_1_165' title='bbox 251 2562 313 2603; x_wconf 89' lang='grc' dir='ltr'>ιιοιι</span> <span class='ocrx_word' id='word_1_166' title='bbox 335 2543 419 2603; x_wconf 87' lang='lat' dir='ltr'><strong>enim</strong></span> <span class='ocrx_word' id='word_1_167' title='bbox 441 2541 547 2622; x_wconf 80' lang='lat' dir='ltr'><strong>cogito</strong></span> <span class='ocrx_word' id='word_1_168' title='bbox 570 2544 611 2604; x_wconf 87' lang='lat' dir='ltr'><strong>de</strong></span> <span class='ocrx_word' id='word_1_169' title='bbox 630 2543 738 2604; x_wconf 86' lang='lat' dir='ltr'><strong>Phthii</strong></span> <span class='ocrx_word' id='word_1_170' title='bbox 759 2545 825 2604; x_wconf 86' lang='lat' dir='ltr'><strong>lilio</strong></span> <span class='ocrx_word' id='word_1_171' title='bbox 847 2545 897 2604; x_wconf 88' lang='lat' dir='ltr'><strong>his</strong></span> <span class='ocrx_word' id='word_1_172' title='bbox 919 2546 950 2605; x_wconf 90' lang='lat' dir='ltr'><strong>iu</strong></span> <span class='ocrx_word' id='word_1_173' title='bbox 965 2545 1118 2624; x_wconf 86' lang='lat' dir='ltr'><strong>Stephani</strong></span> <span class='ocrx_word' id='word_1_174' title='bbox 1139 2563 1209 2607; x_wconf 82' lang='lat' dir='ltr'><strong>rer·</strong></span> 
     </span>
     <span class='ocr_line' id='line_1_22' title="bbox 110 2638 1208 2736; baseline 0.002 -26"><span class='ocrx_word' id='word_1_175' title='bbox 110 2649 178 2710; x_wconf 85' lang='lat' dir='ltr'><strong>his:</strong></span> <span class='ocrx_word' id='word_1_176' title='bbox 210 2645 347 2734; x_wconf 76' lang='grc' dir='ltr'><strong>ἐκτίσθη</strong></span> <span class='ocrx_word' id='word_1_177' title='bbox 371 2638 440 2711; x_wconf 78' lang='grc' dir='ltr'><strong>ὑπὸ</strong></span> <span class='ocrx_word' id='word_1_178' title='bbox 455 2639 711 2736; x_wconf 68' lang='grc' dir='ltr'><strong>“Ἐλλι]νος,·ον’</strong></span> <span class='ocrx_word' id='word_1_179' title='bbox 734 2647 799 2712; x_wconf 79' lang='grc' dir='ltr'><strong>τοῦ</strong></span> <span class='ocrx_word' id='word_1_180' title='bbox 819 2642 1086 2722; x_wconf 72' lang='grc' dir='ltr'><strong>Δευκαλίωνοξ,</strong></span> <span class='ocrx_word' id='word_1_181' title='bbox 1115 2639 1208 2712; x_wconf 81' lang='grc' dir='ltr'><em>α’λλοὶ</em></span> 
     </span>
     <span class='ocr_line' id='line_1_23' title="bbox 112 2752 1209 2838; baseline 0.003 -22"><span class='ocrx_word' id='word_1_182' title='bbox 112 2760 178 2818; x_wconf 81' lang='grc' dir='ltr'><strong>τοῦ</strong></span> <span class='ocrx_word' id='word_1_183' title='bbox 202 2752 351 2838; x_wconf 75' lang='grc' dir='ltr'><em>Φθίου).</em></span> <span class='ocrx_word' id='word_1_184' title='bbox 402 2756 436 2818; x_wconf 89' lang='lat' dir='ltr'><strong>Si</strong></span> <span class='ocrx_word' id='word_1_185' title='bbox 457 2763 561 2817; x_wconf 88' lang='lat' dir='ltr'><strong>autem</strong></span> <span class='ocrx_word' id='word_1_186' title='bbox 582 2759 821 2838; x_wconf 80' lang='lat' dir='ltr'><strong>repugnantiam</strong></span> <span class='ocrx_word' id='word_1_187' title='bbox 850 2761 883 2819; x_wconf 91' lang='lat' dir='ltr'><strong>in</strong></span> <span class='ocrx_word' id='word_1_188' title='bbox 911 2765 1052 2818; x_wconf 88' lang='lat' dir='ltr'><strong>nostrum</strong></span> <span class='ocrx_word' id='word_1_189' title='bbox 1072 2761 1209 2838; x_wconf 85' lang='lat' dir='ltr'><strong>scripto-</strong></span> 
     </span>
    </p>
   </div>
   <div class='ocr_carea' id='block_1_7' title="bbox 7 2861 1209 2941">
    <p class='ocr_par' dir='ltr' id='par_1_7' title="bbox 7 2861 1209 2941">
     <span class='ocr_line' id='line_1_24' title="bbox 7 2861 1209 2941; baseline 0.001 -17"><span class='ocrx_word' id='word_1_190' title='bbox 7 2907 9 2912; x_wconf 28' lang='lat'>*</span> <span class='ocrx_word' id='word_1_191' title='bbox 109 2881 180 2924; x_wconf 90' lang='lat' dir='ltr'><strong>rem</strong></span> <span class='ocrx_word' id='word_1_192' title='bbox 202 2864 323 2924; x_wconf 86' lang='lat' dir='ltr'><strong>iulerre</strong></span> <span class='ocrx_word' id='word_1_193' title='bbox 354 2883 416 2925; x_wconf 92' lang='grc' dir='ltr'>ιιοιι</span> <span class='ocrx_word' id='word_1_194' title='bbox 438 2883 639 2941; x_wconf 84' lang='lat' dir='ltr'><strong>vereremur,</strong></span> <span class='ocrx_word' id='word_1_195' title='bbox 672 2863 738 2926; x_wconf 79' lang='grc' dir='ltr'><strong>τοῦ</strong></span> <span class='ocrx_word' id='word_1_196' title='bbox 758 2861 1007 2938; x_wconf 82' lang='grc' dir='ltr'><em>Δευκαλίωνος</em></span> <span class='ocrx_word' id='word_1_197' title='bbox 1034 2867 1129 2926; x_wconf 88' lang='lat' dir='ltr'><strong>ctiam</strong></span> <span class='ocrx_word' id='word_1_198' title='bbox 1152 2865 1209 2926; x_wconf 88' lang='lat' dir='ltr'><strong>dc-</strong></span> 
     </span>
    </p>
   </div>
   <div class='ocr_carea' id='block_1_8' title="bbox 25 2969 1270 4341">
    <p class='ocr_par' dir='ltr' id='par_1_8' title="bbox 25 2969 1270 4341">
     <span class='ocr_line' id='line_1_25' title="bbox 113 2969 1209 3058; baseline 0.002 -28"><span class='ocrx_word' id='word_1_199' title='bbox 113 2969 250 3032; x_wconf 85' lang='lat' dir='ltr'><strong>leudere</strong></span> <span class='ocrx_word' id='word_1_200' title='bbox 278 2981 441 3050; x_wconf 82' lang='lat' dir='ltr'><strong>possemus</strong></span> <span class='ocrx_word' id='word_1_201' title='bbox 469 2971 666 3051; x_wconf 80' lang='lat' dir='ltr'><strong>Thucydidis</strong></span> <span class='ocrx_word' id='word_1_202' title='bbox 695 2973 767 3058; x_wconf 76' lang='lat' dir='ltr'><strong>lccc</strong></span> <span class='ocrx_word' id='word_1_203' title='bbox 798 2991 892 3053; x_wconf 78' lang='lat' dir='ltr'><strong>cupra</strong></span> <span class='ocrx_word' id='word_1_204' title='bbox 924 2972 1058 3052; x_wconf 82' lang='lat' dir='ltr'><strong>allegato</strong></span> <span class='ocrx_word' id='word_1_205' title='bbox 1079 2971 1103 3046; x_wconf 93' lang='lat' dir='ltr'><strong>l,</strong></span> <span class='ocrx_word' id='word_1_206' title='bbox 1124 2990 1151 3031; x_wconf 90' lang='lat' dir='ltr'><strong>c.</strong></span> <span class='ocrx_word' id='word_1_207' title='bbox 1177 2971 1209 3032; x_wconf 78' lang='grc'><strong>3.</strong></span> 
     </span>
     <span class='ocr_line' id='line_1_26' title="bbox 114 3065 1209 3165; baseline 0.002 -27"><span class='ocrx_word' id='word_1_208' title='bbox 114 3067 161 3138; x_wconf 84' lang='grc' dir='ltr'><strong>τοὶ</strong></span> <span class='ocrx_word' id='word_1_209' title='bbox 181 3065 243 3165; x_wconf 77' lang='grc' dir='ltr'><strong>μὲν</strong></span> <span class='ocrx_word' id='word_1_210' title='bbox 273 3067 344 3160; x_wconf 80' lang='grc' dir='ltr'><strong>πρὸ</strong></span> <span class='ocrx_word' id='word_1_211' title='bbox 360 3065 531 3164; x_wconf 73' lang='grc' dir='ltr'><em>Ἕλληνος</em></span> <span class='ocrx_word' id='word_1_212' title='bbox 551 3085 614 3142; x_wconf 84' lang='grc' dir='ltr'><strong>τοῦ</strong></span> <span class='ocrx_word' id='word_1_213' title='bbox 636 3074 884 3155; x_wconf 82' lang='grc' dir='ltr'><em>Δευκαλίωνος</em></span> <span class='ocrx_word' id='word_1_214' title='bbox 905 3087 1000 3159; x_wconf 89' lang='lat' dir='ltr'><strong>atque</strong></span> <span class='ocrx_word' id='word_1_215' title='bbox 1025 3078 1122 3140; x_wconf 85' lang='lat' dir='ltr'><strong>multo</strong></span> <span class='ocrx_word' id='word_1_216' title='bbox 1144 3098 1209 3140; x_wconf 90' lang='lat' dir='ltr'><strong>ma-</strong></span> 
     </span>
     <span class='ocr_line' id='line_1_27' title="bbox 113 3169 1209 3271; baseline 0.002 -26"><span class='ocrx_word' id='word_1_217' title='bbox 113 3186 164 3266; x_wconf 75' lang='lat' dir='ltr'><strong>gis</strong></span> <span class='ocrx_word' id='word_1_218' title='bbox 186 3185 392 3247; x_wconf 78' lang='lat' dir='ltr'><strong>Strabonisl.</strong></span> <span class='ocrx_word' id='word_1_219' title='bbox 417 3185 496 3262; x_wconf 73' lang='lat' dir='ltr'><strong>illl,</strong></span> <span class='ocrx_word' id='word_1_220' title='bbox 515 3169 588 3248; x_wconf 75' lang='lat'><strong>383.</strong></span> <span class='ocrx_word' id='word_1_221' title='bbox 608 3187 700 3271; x_wconf 62' lang='grc' dir='ltr'><strong>Δφασὶ</strong></span> <span class='ocrx_word' id='word_1_222' title='bbox 722 3177 763 3248; x_wconf 76' lang='grc' dir='ltr'><strong>δὲ</strong></span> <span class='ocrx_word' id='word_1_223' title='bbox 776 3182 1024 3260; x_wconf 82' lang='grc' dir='ltr'><em>Δευκαλίωνος</em></span> <span class='ocrx_word' id='word_1_224' title='bbox 1045 3175 1109 3270; x_wconf 77' lang='grc' dir='ltr'><strong>μὲν</strong></span> <span class='ocrx_word' id='word_1_225' title='bbox 1122 3174 1209 3247; x_wconf 73' lang='lat' dir='ltr'><strong>‘&#39;Et-</strong></span> 
     </span>
     <span class='ocr_line' id='line_1_28' title="bbox 111 3283 1208 3377; baseline -0.001 -22"><span class='ocrx_word' id='word_1_226' title='bbox 111 3288 202 3376; x_wconf 67' lang='grc' dir='ltr'><em>ληνα</em></span> <span class='ocrx_word' id='word_1_227' title='bbox 230 3283 337 3355; x_wconf 83' lang='grc' dir='ltr'><em>εἶναι·</em></span> <span class='ocrx_word' id='word_1_228' title='bbox 369 3286 557 3370; x_wconf 27' lang='grc' dir='ltr'><em>τοῦτον-δὲ</em></span> <span class='ocrx_word' id='word_1_229' title='bbox 577 3293 680 3377; x_wconf 75' lang='grc' dir='ltr'><strong>περὶ</strong></span> <span class='ocrx_word' id='word_1_230' title='bbox 712 3289 785 3377; x_wconf 76' lang='grc' dir='ltr'><strong>τὴν</strong></span> <span class='ocrx_word' id='word_1_231' title='bbox 810 3291 951 3357; x_wconf 77' lang='grc' dir='ltr'><em>Φθίαν</em></span> <span class='ocrx_word' id='word_1_232' title='bbox 983 3297 1054 3366; x_wconf 76' lang='grc' dir='ltr'><strong>τῶν</strong></span> <span class='ocrx_word' id='word_1_233' title='bbox 1075 3284 1208 3377; x_wconf 79' lang='grc' dir='ltr'><em>μεταξὺ</em></span> 
     </span>
     <span class='ocr_line' id='line_1_29' title="bbox 114 3388 1256 3488; baseline 0.002 -26"><span class='ocrx_word' id='word_1_234' title='bbox 114 3395 265 3486; x_wconf 76' lang='grc' dir='ltr'>Πηνειοῦ</span> <span class='ocrx_word' id='word_1_235' title='bbox 286 3401 348 3461; x_wconf 89' lang='grc' dir='ltr'><strong>καὶ</strong></span> <span class='ocrx_word' id='word_1_236' title='bbox 361 3395 527 3488; x_wconf 71' lang='grc' dir='ltr'><em>Ἀσωποῦ</em></span> <span class='ocrx_word' id='word_1_237' title='bbox 546 3388 806 3462; x_wconf 76' lang='grc' dir='ltr'><em>δυναστεύοντα</em></span> <span class='ocrx_word' id='word_1_238' title='bbox 826 3420 856 3463; x_wconf 87' lang='grc' dir='ltr'><strong>κ.</strong></span> <span class='ocrx_word' id='word_1_239' title='bbox 871 3421 900 3462; x_wconf 87' lang='grc' dir='ltr'><strong>τ.</strong></span> <span class='ocrx_word' id='word_1_240' title='bbox 915 3395 1001 3463; x_wconf 65' lang='grc' dir='ltr'><strong>λοι</strong></span> <span class='ocrx_word' id='word_1_241' title='bbox 1021 3399 1210 3462; x_wconf 78' lang='lat' dir='ltr'><strong>Eusebiauc.</strong></span> <span class='ocrx_word' id='word_1_242' title='bbox 1254 3441 1256 3464; x_wconf 84' lang='grc'>.</span> 
     </span>
     <span class='ocr_line' id='line_1_30' title="bbox 112 3502 1208 3592; baseline -0.003 -22"><span class='ocrx_word' id='word_1_243' title='bbox 112 3506 155 3570; x_wconf 86' lang='lat' dir='ltr'><strong>cl.</strong></span> <span class='ocrx_word' id='word_1_244' title='bbox 185 3507 280 3567; x_wconf 88' lang='lat' dir='ltr'><strong>etiam</strong></span> <span class='ocrx_word' id='word_1_245' title='bbox 316 3525 360 3568; x_wconf 83' lang='lat' dir='ltr'><strong>cx·</strong></span> <span class='ocrx_word' id='word_1_246' title='bbox 394 3502 567 3592; x_wconf 68' lang='grc' dir='ltr'>διηγήσεσι</span> <span class='ocrx_word' id='word_1_247' title='bbox 594 3508 731 3569; x_wconf 81' lang='lat' dir='ltr'><strong>Cononis</strong></span> <span class='ocrx_word' id='word_1_248' title='bbox 766 3508 851 3588; x_wconf 92' lang='lat' dir='ltr'><strong>apud</strong></span> <span class='ocrx_word' id='word_1_249' title='bbox 877 3507 1024 3570; x_wconf 87' lang='lat' dir='ltr'><strong>Phctium</strong></span> <span class='ocrx_word' id='word_1_250' title='bbox 1053 3507 1126 3569; x_wconf 80' lang='lat' dir='ltr'><strong>hihl.</strong></span> <span class='ocrx_word' id='word_1_251' title='bbox 1157 3507 1208 3568; x_wconf 84' lang='lat' dir='ltr'><strong>ed.</strong></span> 
     </span>
     <span class='ocr_line' id='line_1_31' title="bbox 112 3603 1208 3696; baseline 0 -22"><span class='ocrx_word' id='word_1_252' title='bbox 112 3613 212 3674; x_wconf 80' lang='lat' dir='ltr'><strong>Bella.</strong></span> <span class='ocrx_word' id='word_1_253' title='bbox 233 3620 257 3674; x_wconf 87' lang='lat' dir='ltr'><strong>t.</strong></span> <span class='ocrx_word' id='word_1_254' title='bbox 277 3614 311 3690; x_wconf 92' lang='grc'>1,</span> <span class='ocrx_word' id='word_1_255' title='bbox 340 3633 372 3694; x_wconf 92' lang='lat' dir='ltr'><strong>p.</strong></span> <span class='ocrx_word' id='word_1_256' title='bbox 395 3613 456 3674; x_wconf 79' lang='grc'>135</span> <span class='ocrx_word' id='word_1_257' title='bbox 478 3612 497 3696; x_wconf 75' lang='grc' dir='ltr'><em>ἡ</em></span> <span class='ocrx_word' id='word_1_258' title='bbox 520 3606 568 3689; x_wconf 74' lang='grc' dir='ltr'><strong>κζ</strong></span> <span class='ocrx_word' id='word_1_259' title='bbox 595 3603 641 3674; x_wconf 86' lang='grc' dir='ltr'><strong>τοὶ</strong></span> <span class='ocrx_word' id='word_1_260' title='bbox 662 3616 741 3695; x_wconf 82' lang='grc' dir='ltr'><em>περὶ</em></span> <span class='ocrx_word' id='word_1_261' title='bbox 762 3607 1012 3688; x_wconf 82' lang='grc' dir='ltr'><em>Δευκαλίωνος</em></span> <span class='ocrx_word' id='word_1_262' title='bbox 1038 3607 1208 3694; x_wconf 76' lang='grc' dir='ltr'><em>ἀπαγγέλ-</em></span> 
     </span>
     <span class='ocr_line' id='line_1_32' title="bbox 111 3711 1207 3802; baseline -0.001 -20"><span class='ocrx_word' id='word_1_263' title='bbox 111 3716 180 3796; x_wconf 88' lang='grc' dir='ltr'><strong>λει,</strong></span> <span class='ocrx_word' id='word_1_264' title='bbox 203 3711 254 3792; x_wconf 70' lang='lat' dir='ltr'><strong>&#39;dg</strong></span> <span class='ocrx_word' id='word_1_265' title='bbox 275 3715 454 3791; x_wconf 67' lang='lat' dir='ltr'><strong>dilucidare</strong></span> <span class='ocrx_word' id='word_1_266' title='bbox 475 3719 537 3802; x_wconf 77' lang='grc' dir='ltr'><strong>τῆς</strong></span> <span class='ocrx_word' id='word_1_267' title='bbox 561 3711 778 3798; x_wconf 69' lang='grc' dir='ltr'>Φθιώτιδος,</span> <span class='ocrx_word' id='word_1_268' title='bbox 807 3719 962 3784; x_wconf 78' lang='grc' dir='ltr'><em>καὶτοῦ</em></span> <span class='ocrx_word' id='word_1_269' title='bbox 984 3715 1065 3784; x_wconf 77' lang='grc' dir='ltr'><em>κατ’</em></span> <span class='ocrx_word' id='word_1_270' title='bbox 1097 3711 1207 3782; x_wconf 70' lang='grc' dir='ltr'><em>αὑτὸν</em></span> 
     </span>
     <span class='ocr_line' id='line_1_33' title="bbox 38 3815 1207 3915; baseline -0.001 -27"><span class='ocrx_word' id='word_1_271' title='bbox 38 3841 41 3844; x_wconf 86' lang='grc'><em>·</em></span> <span class='ocrx_word' id='word_1_272' title='bbox 112 3827 174 3910; x_wconf 74' lang='grc' dir='ltr'><strong>τῆς</strong></span> <span class='ocrx_word' id='word_1_273' title='bbox 190 3819 367 3898; x_wconf 76' lang='grc' dir='ltr'><em>Ἑλλάδος</em></span> <span class='ocrx_word' id='word_1_274' title='bbox 388 3823 650 3914; x_wconf 75' lang='grc' dir='ltr'><em>κατακλυσμοῦ·</em></span> <span class='ocrx_word' id='word_1_275' title='bbox 671 3823 729 3888; x_wconf 85' lang='grc' dir='ltr'><strong>καὶ</strong></span> <span class='ocrx_word' id='word_1_276' title='bbox 742 3827 824 3910; x_wconf 75' lang='grc' dir='ltr'><em>περὶ</em></span> <span class='ocrx_word' id='word_1_277' title='bbox 837 3815 1019 3915; x_wconf 77' lang='grc' dir='ltr'><strong>Ἕλληνος,</strong></span> <span class='ocrx_word' id='word_1_278' title='bbox 1042 3826 1106 3890; x_wconf 80' lang='grc' dir='ltr'><strong>τοῦ</strong></span> <span class='ocrx_word' id='word_1_279' title='bbox 1126 3843 1207 3889; x_wconf 82' lang='grc' dir='ltr'>παι·</span> 
     </span>
     <span class='ocr_line' id='line_1_34' title="bbox 56 3917 1207 4016; baseline 0.001 -22"><span class='ocrx_word' id='word_1_280' title='bbox 56 3917 59 3926; x_wconf 19' lang='grc' dir='ltr'><em>λ</em></span> <span class='ocrx_word' id='word_1_281' title='bbox 113 3921 177 4008; x_wconf 82' lang='grc' dir='ltr'><strong>δὸς</strong></span> <span class='ocrx_word' id='word_1_282' title='bbox 198 3929 331 4004; x_wconf 79' lang='grc' dir='ltr'><em>αὑτοῦ,</em></span> <span class='ocrx_word' id='word_1_283' title='bbox 353 3923 394 3994; x_wconf 81' lang='grc' dir='ltr'><strong>δν</strong></span> <span class='ocrx_word' id='word_1_284' title='bbox 417 3925 527 3995; x_wconf 72' lang='grc' dir='ltr'>ἔνιοι</span> <span class='ocrx_word' id='word_1_285' title='bbox 547 3923 750 4008; x_wconf 78' lang='grc' dir='ltr'><em>τοῦΔῐὸς</em></span> <span class='ocrx_word' id='word_1_286' title='bbox 771 3933 908 3995; x_wconf 80' lang='grc' dir='ltr'><em>παῖδα</em></span> <span class='ocrx_word' id='word_1_287' title='bbox 930 3923 1207 4016; x_wconf 81' lang='grc' dir='ltr'><strong>εἶναίφασιν,</strong></span> 
     </span>
     <span class='ocr_line' id='line_1_35' title="bbox 25 4028 1223 4125; baseline -0.003 -19"><span class='ocrx_word' id='word_1_288' title='bbox 25 4115 28 4120; x_wconf 50' lang='grc'>,</span> <span class='ocrx_word' id='word_1_289' title='bbox 115 4031 234 4114; x_wconf 80' lang='grc' dir='ltr'><em>ὅςκαὶ</em></span> <span class='ocrx_word' id='word_1_290' title='bbox 266 4028 448 4116; x_wconf 78' lang='grc' dir='ltr'><em>διεδέξατο</em></span> <span class='ocrx_word' id='word_1_291' title='bbox 477 4029 539 4125; x_wconf 70' lang='grc' dir='ltr'><strong>τήν</strong></span> <span class='ocrx_word' id='word_1_292' title='bbox 566 4035 746 4113; x_wconf 78' lang='grc' dir='ltr'><em>βασιλείαν</em></span> <span class='ocrx_word' id='word_1_293' title='bbox 775 4032 1046 4125; x_wconf 66' lang='grc' dir='ltr'><em>τελευτήσαντος</em></span> <span class='ocrx_word' id='word_1_294' title='bbox 1071 4038 1223 4116; x_wconf 67' lang='grc' dir='ltr'><strong>Λενκα--,</strong></span> 
     </span>
     <span class='ocr_line' id='line_1_36' title="bbox 112 4125 1270 4232; baseline -0.003 -23"><span class='ocrx_word' id='word_1_295' title='bbox 112 4141 240 4222; x_wconf 79' lang='grc' dir='ltr'><em>λίωνος</em></span> <span class='ocrx_word' id='word_1_296' title='bbox 267 4145 326 4210; x_wconf 89' lang='grc' dir='ltr'><strong>καὶ</strong></span> <span class='ocrx_word' id='word_1_297' title='bbox 355 4144 458 4209; x_wconf 75' lang='grc' dir='ltr'><em>τίκτει</em></span> <span class='ocrx_word' id='word_1_298' title='bbox 487 4144 618 4218; x_wconf 80' lang='grc' dir='ltr'><em>παῖδας</em></span> <span class='ocrx_word' id='word_1_299' title='bbox 656 4125 757 4232; x_wconf 79' lang='grc' dir='ltr'><em>τρεῖς.</em></span> <span class='ocrx_word' id='word_1_300' title='bbox 811 4127 861 4210; x_wconf 78' lang='grc' dir='ltr'><strong>ὦν</strong></span> <span class='ocrx_word' id='word_1_301' title='bbox 889 4136 1023 4209; x_wconf 84' lang='grc' dir='ltr'><em>Αἴολον</em></span> <span class='ocrx_word' id='word_1_302' title='bbox 1050 4136 1113 4230; x_wconf 72' lang='grc' dir='ltr'><strong>μὲν</strong></span> <span class='ocrx_word' id='word_1_303' title='bbox 1143 4137 1206 4208; x_wconf 78' lang='grc' dir='ltr'><strong>τὸν</strong></span> <span class='ocrx_word' id='word_1_304' title='bbox 1265 4179 1270 4190; x_wconf 88' lang='lat'>·</span> 
     </span>
     <span class='ocr_line' id='line_1_37' title="bbox 113 4234 1206 4341; baseline -0.005 -23"><span class='ocrx_word' id='word_1_305' title='bbox 113 4255 260 4339; x_wconf 70' lang='grc' dir='ltr'><em>πρῶτον</em></span> <span class='ocrx_word' id='word_1_306' title='bbox 273 4248 475 4328; x_wconf 79' lang='grc' dir='ltr'><strong>βασιλεύειν.</strong></span> <span class='ocrx_word' id='word_1_307' title='bbox 489 4250 690 4318; x_wconf 74' lang='grc' dir='ltr'><strong>ἐδικαίωσεν</strong></span> <span class='ocrx_word' id='word_1_308' title='bbox 713 4239 752 4338; x_wconf 73' lang='grc' dir='ltr'><strong>ἧς</strong></span> <span class='ocrx_word' id='word_1_309' title='bbox 774 4234 857 4337; x_wconf 73' lang='grc' dir='ltr'><em>ἦρχε</em></span> <span class='ocrx_word' id='word_1_310' title='bbox 877 4250 956 4338; x_wconf 74' lang='grc' dir='ltr'><strong>γῆς,</strong></span> <span class='ocrx_word' id='word_1_311' title='bbox 977 4248 1127 4341; x_wconf 62' lang='lat' dir='ltr'><strong>&gt;inmuni</strong></span> <span class='ocrx_word' id='word_1_312' title='bbox 1147 4251 1206 4315; x_wconf 87' lang='grc' dir='ltr'><strong>καὶ</strong></span> 
     </span>
    </p>
   </div>
   <div class='ocr_carea' id='block_1_9' title="bbox 0 0 1375 4718">
    <p class='ocr_par' dir='ltr' id='par_1_9' title="bbox 0 0 1375 4718">
     <span class='ocr_line' id='line_1_38' title="bbox 0 0 1375 4718; baseline 0 0"><span class='ocrx_word' id='word_1_313' title='bbox 0 0 1375 4718; x_wconf 95' lang='lat' dir='ltr'><strong> </strong></span> 
     </span>
    </p>
   </div>
  </div>
 </body>
</html>
