2720 4724
459 323 559 342 -
607 291 680 370 131
734 319 832 338 --

101 485 333 551 arbitrabimur.
352 480 390 573 ⁸)
439 485 474 551 Sl
497 483 672 569 praeterea
691 482 880 549 lllaaearcbi
905 485 1125 550 auctoritatem
1151 483 1193 551 da

91 595 284 678 ‘Trophonii
304 595 431 658 oraculo
452 606 604 676 nusquam
624 599 723 666 anta
743 593 897 657 Strabone
924 601 979 658 ant
1003 614 1022 658 a
1040 595 1193 659 Pausania

101 705 225 766 allatam
248 723 318 766 esse
332 704 577 782 consideramus,
596 703 722 766 titulum
743 702 825 784 περὶ
841 703 901 788 τῆς
916 699 964 778 εἰς
984 697 1192 790 Τροφωνίου

102 801 336 888 καταβάσεως
357 814 512 894 suspicari
531 811 666 874 fortasse
685 811 799 874 libebit
818 811 940 872 nonnisi
960 810 1124 892 figuratam
1145 804 1209 876 oi-'

102 921 197 983 cendi
217 924 371 984 rationem
392 941 453 1002 pro
481 921 562 1004 περὶ
590 919 651 1006 τῆς
682 918 811 1004 τρυφῆς
835 919 944 984 luisse.
992 921 1195 1002 Quantopere

102 1034 208 1094 antem
228 1030 383 1091 universis
403 1029 531 1090 lloeotis
551 1028 671 1090 ventrio
691 1026 845 1104 studium,
872 1027 1107 1090 comissationes
1126 1045 1196 1089 rea·

104 1155 170 1216 qao
194 1137 364 1217 parasitica
391 1137 516 1196 crimini
545 1134 618 1197 data
644 1134 779 1212 fuerint,
812 1141 934 1197 constat
954 1135 1196 1217 'l'rophouiiqua

102 1250 227 1305 antrum
253 1263 325 1305 cum
354 1243 482 1306 oraculo
513 1261 551 1305 eo
579 1244 678 1325 magis
705 1261 824 1308 summa
844 1262 914 1306 esse
934 1244 1041 1326 potuit
1060 1243 1135 1305 libri
1156 1241 1198 1304 de

103 1351 273 1412 virtutibus
306 1351 375 1412 istis
404 1351 564 1413 Boeotlcia
601 1349 786 1413 disserentis
814 1351 912 1432 idque
945 1371 1007 1414 uon
1035 1353 1102 1424 siue
1133 1331 1198 1413 sold

102 1458 262 1536 facientis,
284 1478 346 1540 quo
368 1459 468 1540 pluris
489 1459 603 1520 Boeoti
623 1459 687 1540 ipsi
706 1447 787 1522 illud
808 1459 967 1522 oraculum
989 1462 1198 1522 aestimarent
1220 1537 1223 1540 Ι

105 1566 259 1645 Accedit,
281 1565 384 1648 quod,
403 1571 439 1628 ut
460 1566 499 1628 0:
518 1565 694 1628 Muellerus
712 1572 804 1630 reato
825 1566 1061 1646 animadvertit,
1087 1567 1200 1632 Dicae·

103 1653 221 1736 archus
247 1693 324 1736 vero
354 1676 451 1738 animi
478 1674 565 1738 cultu
594 1675 679 1738 iuter
705 1676 927 1740 Aristotelicas
948 1675 1139 1738 arcellulae
1166 1679 1202 1738 et

104 1782 290 1844 sacerdotes
321 1801 495 1863 eorumque
523 1783 653 1848 fraudes
688 1785 872 1866 grarimlmo
905 1783 980 1846 odio
1013 1788 1201 1866 persecutns

105 1908 178 1951 esse
198 1889 334 1953 videtur.
383 1893 563 1954 Atticorum
584 1912 712 1974 quoque
733 1894 900 1976 poetarum
920 1891 1099 1954 comoedias
1118 1881 1205 1953 'l'ross
1250 1947 1260 1965 ,

105 1997 219 2079 plsonii
238 2000 363 2060 nomine
384 1999 569 2080 inscriptae,
583 1997 621 2086 ⁹)
644 2019 725 2082 quae
745 2002 861 2082 passim
882 1999 1049 2063 laudantur
1069 2003 1103 2062 et
1116 1997 1203 2061 idem

105 2105 193 2168 istud
214 2106 492 2188 argumentumde
513 2107 784 2169 comissationibus
803 2109 837 2168 et
850 2107 996 2188 parasitis
1010 2103 1203 2167 continuisse

107 2213 302 2299 credantur,
332 2213 372 2275 ad
393 2211 471 2276 illud
505 2213 625 2275 oraculi
653 2232 768 2292 numen
794 2213 921 2276 referre
950 2213 1054 2291 liceat.
1103 2211 1204 2288 Quam

107 2321 149 2384 ad
172 2301 382 2404 suspicionem
410 2320 618 2404 adjuvandam
648 2321 773 2384 etiamsi
803 2321 947 2384 adnotari
973 2323 1083 2403 posset
1102 2315 1204 2400 pluri·

107 2446 177 2490 maa
196 2429 373 2490 Atticorum
398 2428 578 2490 comoedias
609 2445 649 2490 aa
674 2429 772 2490 rebus
799 2427 960 2490 boeoticis
987 2430 1204 2507 argumentum

106 2536 296 2615 repetiisse,
333 2553 396 2596 uon
422 2535 575 2616 majorem
603 2541 709 2598 tamen
738 2536 809 2600 veri
833 2535 975 2617 speciem
995 2533 1091 2606 babet
1112 2538 1204 2612 quani

3 2719 4 2724 ἵ
108 2644 138 2704 sl
161 2645 232 2722 quis
258 2631 465 2727 Τροφώνιος
483 2645 608 2706 illarum
628 2645 863 2707 comoediarum
888 2645 1126 2724 inscriptionem
1148 2659 1200 2725 ap·

109 2751 252 2831 pallatini
273 2753 378 2832 potius
394 2767 539 2830 sensum,
559 2753 639 2815 bene
659 2753 739 2829 ulti,
759 2753 906 2844 habuisse
921 2751 1080 2833 conjiciat.
1111 2747 1200 2810 crte·

108 2878 183 2919 rum
204 2875 241 2919 ex
255 2859 316 2922 hoc
331 2859 413 2921 libro
430 2859 492 2920 dno
506 2865 625 2920 tantum
639 2859 817 2941 fragmenta
830 2857 921 2920 nobis
934 2859 1058 2938 reliqua
1072 2863 1138 2918 sust
1149 2842 1198 2928 ¹⁰)

108 2965 204 3027 titulo
228 2965 347 3046 diserte
368 2965 506 3028 iudicato
528 2973 570 3028 ‘et
597 2968 712 3030 tertius
739 2973 887 3048 superest
910 2966 1014 3040 loeus,
1031 2959 1079 3050 ¹¹)
1107 2972 1200 3034 quem
1286 2977 1296 3004 a

111 3076 152 3138 ad
175 3077 262 3138 illum
282 3097 344 3138 uon
365 3076 618 3158 improbabiliter
639 3073 766 3136 referre
788 3089 946 3153 queamus.
994 3069 1037 3133 Hi
1062 3061 1200 3150 deniquo

109 3184 176 3248 loci
197 3185 352 3267 ejusmodi
372 3191 460 3258 sunt,
480 3189 516 3244 ut
537 3185 632 3246 etiarn
652 3184 686 3248 iu
706 3181 790 3244 libro
810 3179 972 3260 singulari,
990 3172 1043 3253 qai
1065 3188 1103 3232 ex
1123 3189 1201 3250 pro·-

109 3291 196 3354 fesso
228 3291 269 3352 de
289 3291 467 3370 Trophonii
495 3291 623 3354 oraculo
651 3297 780 3373 ageret,
815 3291 849 3352 in
878 3295 955 3370 apto
979 3277 1200 3346 sententiarum

85 3411 89 3419 '
112 3417 256 3460 connexa
277 3397 384 3460 sedem
405 3399 551 3460 habuisse
572 3398 714 3480 cogitare
736 3396 899 3479 possimus.
914 3389 963 3474 ⁴²)
1003 3383 1200 3468 ltaquidem

110 3505 248 3586 simplex
268 3507 353 3568 tituli
375 3506 546 3586 explicatio
566 3513 756 3568 servaretur.
799 3503 974 3586 Quanquam
1002 3511 1065 3556 non
1093 3494 1201 3556 everi

110 3615 222 3694 specie
245 3613 396 3676 abhorret
416 3615 641 3678 Dicaearchum
667 3619 806 3678 statuere
827 3629 861 3675 es
882 3605 915 3666 ill
935 3601 1017 3664 1ῑῦῐο
1038 3602 1137 3684 mogi!
1158 3599 1200 3663 (10

113 3721 242 3782 oraculo
272 3721 404 3803 ejusque
432 3705 589 3786 momento
618 3723 764 3804 inprimis
789 3731 821 3780 us
839 3712 974 3774 'videtur
1000 3708 1199 3772 fraudulento
1243 3781 1248 3789 ⁸

113 3827 308 3909 disputasse,
332 3850 422 3910 quam
444 3838 566 3894 autrum
586 3835 618 3892 et
637 3832 717 3894 ritus
737 3824 780 3889 ibi
802 3822 948 3896 usitatos,
970 3835 1050 3898 quae
1072 3815 1200 3896 quidem

112 3938 213 4016 magis
241 3945 315 3998 nota
345 3937 443 4000 fuisse
473 3937 680 4012 crediderim,
698 3929 931 4016 descripsisse.
953 3923 1003 4010 ¹³)
1055 3923 1199 3986 Alteram
1281 3967 1283 3978 .

113 4053 217 4106 autern
234 4023 493 4124 ¹fragmentorum
523 4063 602 4127 qaae
630 4043 797 4122 supersunt
826 4035 867 4098 de
894 4031 1017 4096 luxuria
1046 4029 1111 4109 agit
1138 4043 1200 4105 per

111 4167 236 4212 mensas
255 4151 411 4212 secundas
431 4151 561 4228 ellectu,
575 4146 625 4228 ²⁴)
652 4145 784 4205 alterum
805 4139 846 4202 do
866 4140 1083 4210 monumento,
1113 4129 1199 4210 qaod
1231 4164 1239 4232 ⁸.

115 4257 273 4339 llarpalus
292 4253 429 4322 Ma'aedo
449 4253 652 4340 symonicae
671 4247 834 4314 morarios
854 4239 1068 4387 constituerat.
1085 4231 1133 4324 ¹⁸)
