2728 4726
133 391 325 458 Buttmanno
351 392 414 460 hoo
442 393 533 461 titulo
560 394 692 482 incepta
721 398 789 461 est:
818 391 1060 480 „Quaestiones
1089 395 1132 464 de
1160 396 1223 464 Di·
1347 445 1350 457 ‚

133 491 295 559 caearcho
317 495 452 578 ejusque
474 493 626 579 operibus
641 511 726 578 quae
746 495 966 564 inscribuntur
979 495 1066 574 Βίος
1087 522 1116 563 τ.
1133 493 1224 564 ‘tiit

132 595 168 656 et
197 590 320 679 dnapp.
351 615 381 658 τ.
409 588 516 669 Fit„
546 593 713 679 specimen
741 594 871 660 collect.
903 593 1007 679 eJ'usd.
1035 614 1108 682 opp.
1129 595 1226 661 insti-

130 687 284 756 tuendae.
325 689 725 781 Numhurgi.1882.4.“;
753 691 814 758 sed
836 711 930 778 quum
951 693 985 758 in
1013 710 1055 760 ea
1076 692 1160 780 quod
1182 691 1226 760 ad

131 795 320 856 accuratam
342 790 562 877 cognitionem
588 795 622 856 et
642 783 768 857 rectum
792 790 949 876 judicium
970 793 1070 860 muita
1091 791 1225 860 deside-

129 895 245 955 rentur
272 906 387 975 neque-
400 886 617 955 Buttmannus
638 908 711 956 eam
731 892 936 979 perfecturus
964 910 1042 960 esse
1062 877 1227 980 videatur,

75 1025 78 1032 ·
129 993 277 1055 nostrum
307 988 454 1055 laborem
479 1008 546 1056 non
572 989 671 1076 plane
696 991 841 1058 inutilem
868 992 939 1059 fore
960 1010 1143 1080 speremus.
1185 995 1225 1060 ln

129 1085 343 1176 disponendis
371 1093 479 1156 autem
499 1087 773 1158 Dicaearchiunis
793 1092 989 1179 fragmentis
1011 1089 1159 1178 equidem
1179 1093 1226 1160 ita

128 1187 329 1254 versandum
350 1206 429 1254 esse
450 1189 654 1278 existimavi,
684 1198 719 1259 ut
740 1193 804 1260 tria
825 1193 891 1258 ista
912 1209 997 1278 quae
1017 1209 1040 1258 a
1060 1190 1226 1260 codicibus

130 1285 328 1356 exhibentur
348 1293 427 1354 tuno
448 1287 575 1356 demum
597 1291 776 1379 proferrem
796 1297 830 1357 et
854 1291 889 1357 in
910 1289 1118 1360 Dicaearcho
1140 1310 1226 1382 cog-

129 1386 298 1456 noscendo
326 1389 542 1481 respicerem,
567 1409 664 1478 quum
688 1391 815 1476 reliqua
835 1391 1023 1478 fragmenta
1044 1395 1226 1480 composita

128 1491 165 1556 et
183 1487 217 1554 in
239 1503 331 1554 usum
351 1496 474 1557 vocata
494 1489 651 1579 fuissent,
672 1493 823 1578 quoniam
843 1497 941 1559 unum
962 1492 1116 1580 istomm,
1138 1491 1225 1558 άνα-
1328 1494 1331 1508 “

116 1580 249 1676 -γραφῆ
271 1589 332 1676 τῆς
349 1570 525 1682 Ἐλλάδός
546 1611 630 1678 quae
643 1590 771 1679 dicitnr,
792 1593 935 1680 spurium
956 1611 1033 1659 esse
1055 1605 1076 1657 a
1097 1591 1227 1659 nemine

122 1691 194 1775 jam
221 1685 440 1776 dubitabitur,
471 1692 609 1760 alterum
640 1685 832 1780 ἀναγραφὴ
861 1691 927 1758 τοῦ
958 1688 1088 1784 Πηλίου
1122 1687 1227 1777 ὅρους

128 1788 238 1876 aliqua
267 1807 312 1857 ex
332 1796 429 1878 parte
450 1797 636 1880 corruptum
657 1791 710 1858 est
730 1797 765 1860 et
784 1791 916 1860 tertium
937 1790 1095 1881 denique,
1126 1789 1227 1859 Vitae

127 1885 294 1960 Graeciae
314 1891 547 1980 fragmentum,
569 1891 649 1959 nihii
669 1893 733 1957 nisi
756 1909 936 1982 compages
957 1897 1011 1961 est
1031 1893 1154 1979 aliquot
1174 1891 1228 1972 ia·

126 1988 285 2056 ciniarum
321 2010 366 2058 ex
397 1991 545 2079 genuino
573 2007 675 2078 opere
705 1993 750 2057 ab
780 1997 977 2080 excerptore
1005 1993 1227 2080 repetitarum.

128 2089 170 2155 ln
191 2108 254 2176 quo
276 2091 341 2158 etsi
360 2089 446 2157 idem
467 2098 707 2178 argumentum,
728 2089 771 2158 de
793 2111 855 2177 quo
864 2089 1096 2159 Dicaearchus
1118 2089 1227 2176 aliquo

127 2187 228 2256 Vitae
243 2187 409 2258 Graeciae
429 2191 502 2259 ioco
517 2187 722 2279 disseruerit,
743 2198 911 2258 servatum
926 2209 1004 2258 esse
1021 2187 1227 2276 crediderim,

128 2290 327 2378 paucissima
348 2295 459 2358 tamen
479 2292 591 2358 inesse
613 2309 753 2380 censeo,
781 2289 970 2378 quaequod
991 2287 1034 2358 ad
1056 2287 1227 2378 cogitandi
1315 2345 1319 2353 .

73 2442 74 2453 ,
123 2395 164 2456 et
184 2386 355 2476 eloquendi
369 2391 529 2456 rationem
549 2409 631 2458 vere
643 2390 873 2459 Dicaearchea
895 2392 1075 2459 existimari
1095 2393 1227 2476 queant.
1254 2423 1258 2430 v
1334 2398 1345 2411 “

129 2485 223 2570 Quae
244 2495 353 2557 autem
375 2489 533 2578 ejusmodi
553 2509 632 2558 esse
652 2491 730 2559 mihi
751 2509 1001 2579 persuaseram,
1033 2495 1068 2556 nt
1090 2491 1132 2555 ab
1153 2492 1226 2576 ipso

128 2589 337 2658 Dicaearcho
351 2591 501 2678 profecta
522 2609 600 2658 esse
612 2593 668 2658 vel
682 2593 846 2680 proticisci
862 2593 1011 2680 potuisse
1025 2589 1228 2676 viderentur,

123 2696 280 2777 typorum
316 2687 512 2757 diversitate
539 2689 715 2756 indicanda
736 2692 852 2758 curavi
878 2708 985 2777 neque
1005 2707 1127 2778 operae
1147 2707 1228 2778 pre-

130 2791 209 2856 tium
228 2790 300 2858 fore
321 2791 509 2857 existimavi
529 2797 606 2878 post
627 2807 680 2878 aa,
702 2809 786 2878 quae
801 2787 968 2873 Osannus,
989 2787 1228 2856 eruditissimus

129 2889 347 2978 praeceptor,
378 2892 431 2956 cui
465 2909 518 2956 me
545 2891 681 2978 primum
710 2890 754 2958 ad
785 2889 1087 2956 Dicaearcheoram
1118 2885 1229 2955 studia

129 2991 299 3079 impulsum
327 2989 450 3058 dehere
474 2996 574 3079 grato
601 2993 709 3058 animo
739 2990 913 3078 profiteor,
944 2987 979 3054 in
1006 2985 1228 3075 ephemeridd.

130 3091 290 3158 Helenes.
324 3093 415 3155 1831.
446 3091 593 3178 Ergbltt.
614 3093 657 3156 24
679 3110 750 3177 sqq.
781 3087 837 3182 (in
858 3087 1055 3156 recensione
1075 3105 1228 3175 geogra-

131 3191 268 3280 phorum
289 3189 386 3258 Gaiiii
400 3185 579 3282 minorum]
599 3197 635 3258 et
654 3192 686 3256 in
703 3187 921 3278 ephemeridd.
942 3187 1114 3254 scholastt.
1135 3187 1228 3253 1833.
1255 3261 1262 3276 ,

43 3335 44 3342 1
131 3310 204 3359 nro.
226 3294 288 3356 139
301 3309 373 3378 sqq.
395 3289 593 3378 (injudicio
614 3289 862 3358 desssuttmanni
884 3279 1129 3376 quaestionibus
1149 3307 1230 3376 pro-

132 3386 223 3483 lato]
243 3409 285 3459 ea
305 3392 347 3458 de
367 3412 406 3460 re
427 3393 595 3480 exposuit,
632 3393 780 3458 criticam
807 3389 1044 3476 inquisitionem
1071 3385 1114 3454 de
1134 3389 1230 3454 istius

133 3492 313 3580 fragmenti
333 3493 531 3560 auctoritate
552 3496 747 3558 rehaetare.
789 3490 971 3556 Praeterea
992 3507 1051 3555 eos
1072 3490 1230 3575 lectores,

135 3593 191 3680 qui
210 3593 245 3682 in
259 3597 418 3658 accurata
438 3579 575 3656 istarum
595 3591 804 3677 reliquiarum
823 3590 965 3658 lectione
985 3587 1028 3655 de
1049 3587 1229 3654 miserrimo

134 3709 248 3760 earnm
268 3691 381 3758 habitu
402 3691 552 3757 sibinen
573 3693 838 3778 persuasissent,
868 3688 911 3756 ad
932 3690 1056 3756 rectius
1071 3685 1230 3773 judicium

135 3799 254 3862 memet
276 3791 430 3882 redigere
452 3809 551 3880 posse
572 3789 751 3880 desperavi
771 3796 815 3878 et,
836 3788 867 3855 id
890 3786 973 3876 quod
996 3789 1230 3876 gravissimum

94 3937 98 3945 ,
130 3894 206 3962 fere
218 3895 289 3981 fuit,
311 3891 532 3978 consideravi,
554 3899 631 3978 quot
652 3899 685 3959 et
700 3891 819 3978 qualia,
839 3905 924 3977 quae
938 3889 1002 3957 huo
1015 3889 1231 3976 pertinerent,

136 3996 171 4063 in
191 3997 264 4083 ipro
279 3996 392 4061 critico
414 4001 447 4060 et
467 3995 644 4082 exegetico
664 3991 894 4060 commentario
908 3986 1068 4076 disputari
1088 4005 1231 4054 neeesse

138 4100 240 4164 esset.
282 4093 436 4164 Ceterum
450 4095 563 4160 critica
575 4093 832 4184 fragmentorum
844 4093 980 4158 istorum
1001 4090 1150 4156 recensio
1164 4107 1231 4156 uon

102 4195 104 4198 ’
134 4198 284 4284 exiguae
312 4195 371 4262 fuit
399 4210 518 4282 operae
540 4199 574 4261 et
594 4197 720 4262 tantum
741 4191 855 4298 abest,
883 4196 917 4259 ut
945 4208 997 4258 me
1019 4189 1135 4278 ubique
1156 4184 1231 4278 quid
