2728 4720
520 242 739 354 -2-472
792 307 888 322 --

161 477 274 542 andrai
291 491 330 538 το
357 473 449 538 initio
469 471 702 552 considerasset
729 473 813 536 inter
833 490 868 534 ae
889 469 1041 533 collocata
1062 468 1102 530 ad
1122 474 1253 544 notau-

159 584 234 646 tiant
262 581 434 644 firmiorem
458 580 653 644 reddendam
679 586 713 644 et
740 593 810 643 autu
840 561 947 642 nostro
976 597 1059 656 „was
1080 579 1188 641 sicher
1209 581 1252 640 ist

160 689 225 754 oud
245 691 350 752 steint‘
371 689 567 766 contulisset,
587 695 708 770 postea,
729 687 814 768 apud
835 693 975 750 nostrum
997 687 1124 767 quidem
1144 689 1251 770 serip-

160 801 273 874 torem,
295 798 386 860 nimia
405 804 496 859 acute
517 797 562 858 ita
584 795 734 874 distinxit,
754 803 789 858 nt
809 814 870 877 per
891 787 1064 876 ἀσφαλῶς
1085 791 1164 882 ἡμῖν
1183 789 1253 878 ἔχει

160 904 328 968 unientis
355 904 539 985 persuasio,
568 920 630 983 per
656 909 773 964 κεῖται
789 920 865 964 vero
887 894 1082 986 (ἀσφαλῶς
1103 904 1253 966 nimirum

160 997 450 1092 subintelligendol
476 1028 585 1072 rerum
612 1011 681 1090 ipsa
709 1011 827 1074 veritas
854 1009 1102 1091 significaretur,
1131 1029 1170 1072 ao
1191 1011 1255 1072 l’o-
1361 1017 1362 1028 ¹

159 1119 239 1201 lybii
260 1120 363 1184 locum
383 1117 597 1182 similitudinis
618 1137 710 1180 causa
724 1118 878 1198 allegavit,
902 1120 1022 1198 quippe
1037 1110 1106 1198 'quo
1126 1120 1255 1200 pariter
1361 1119 1362 1160 l

159 1225 462 1308 iuteraulrjectiram
484 1245 575 1307 quum
591 1225 723 1288 dicimus
745 1233 779 1288 ct
798 1227 986 1308 objectiaam
999 1227 1163 1288 veritatem
1186 1227 1254 1290 dia-
1361 1247 1362 1308 1

161 1341 349 1397 cerneretur
369 1323 411 1395 τὸ
433 1324 500 1416 γὰρ
524 1325 692 1414 ἀνωτέρω
706 1325 992 1414 προσλαμβάνειν
1013 1339 1085 1408 τοῖς
1098 1327 1255 1416 χρόνοις,
1361 1309 1362 1384 1

89 1509 99 1530 ⁴
163 1437 212 1514 ὠς
239 1430 350 1522 ἀκοὴν
377 1428 416 1516 ἐξ
435 1435 542 1524 ἀκοῆς
561 1426 726 1530 γράφειν,
760 1433 821 1502 οὐκ
851 1435 1009 1524 ἐφαίνεθ’
1033 1434 1109 1527 ἡμῖν
1132 1436 1253 1524 οἱσφα-
1361 1415 1362 1464 1

161 1539 232 1620 icis
254 1540 342 1626 ἒχειν
365 1539 445 1608 οὔτι
465 1534 527 1623 τὰς
547 1537 727 1632 διαλήψεις
749 1534 829 1611 οὔτε
851 1535 914 1620 τᾶς
934 1540 1144 1630 ἀποφάσεις.

193 1745 196 1752 .
245 1715 290 1760 vs.
311 1697 361 1761 14.
391 1697 551 1761 lioduello
566 1698 665 1789 plane
686 1697 840 1760 assentior
870 1687 1039 1769 διάσλονς
1068 1713 1130 1758 nou
1159 1696 1257 1776 freta,
1361 1719 1362 1780 1

163 1805 221 1870 aed
241 1807 410 1870 interculta
423 1827 510 1870 mam
531 1807 652 1890 legemr·
668 1807 825 1868 maritimo
839 1823 895 1866 acu
909 1803 1106 1888 trajectum
1126 1805 1172 1866 od
1182 1823 1257 1868 oros

163 1913 284 2000 aliquos
304 1919 458 2000 oppositos
478 1916 710 1998 interpretanti.

178 2097 180 2106 ,
247 2067 291 2111 vs.
312 2050 361 2112 15.
383 2041 565 2133 λιμένας.
614 2045 759 2114 Vulcanii
786 2049 883 2112 lectio
910 2045 1050 2134 λίμνας,
1079 2067 1258 2130 quanquam

164 2157 192 2218 al
219 2175 279 2240 per
306 2177 341 2220 ae
370 2135 440 2239 ipsa
468 2158 688 2220 consideratur
714 2177 838 2218 sensum
866 2176 926 2218 nou
947 2157 1088 2236 ineptum
1109 2159 1257 2238 praebet,

164 2261 240 2325 ideo
262 2270 363 2324 tamen
387 2264 470 2346 quod
493 2253 573 2338 τούς
594 2255 765 2338 διάπλονς
786 2265 930 2346 proxime
948 2257 1126 2345 'praecessit
1146 2275 1260 2327 contra

166 2369 310 2432 codicum
327 2374 526 2452 omniumque
541 2371 697 2436 editorum
718 2373 908 2452 scripturam
927 2359 1067 2452 λιμένας
1080 2371 1260 2452 chicieuda
1361 2401 1362 2410 ι

167 2477 236 2542 sino
260 2477 355 2539 dubio
384 2486 453 2557 eat„
483 2477 525 2540 ἑν
555 2469 878 2562 Πελοποννήσῳ
907 2467 1013 2563 γένη.
1062 2477 1260 2556 Holatcnias,

72 2647 74 2650 ,
168 2607 343 2670 quanquam
370 2589 402 2649 iu
431 2604 468 2650 re
489 2589 563 2650 satis
585 2593 677 2658 nota,
706 2585 917 2670 Etymologici
938 2585 1022 2682 hunc
1042 2585 1147 2648 locum
1167 2591 1260 2648 recto
1361 2607 1362 2670 j

167 2693 231 2760 lnuc
260 2695 405 2776 allegavit
433 2687 530 2776 γένος
562 2691 627 2756 ἐπὶ
653 2686 807 2768 ἔθνους
837 2681 1003 2756 τάσσεται
1028 2689 1088 2754 καὶ
1115 2687 1172 2758 c’ul
1193 2691 1261 2756 πό·
1361 2685 1362 2700 ’

169 2796 257 2875 λιινς
278 2805 335 2866 καὶ
356 2799 414 2866 ἐπὶ
437 2789 650 2892 συστήματος
671 2789 731 2868 καὶ
753 2795 811 2864 ἐπὶ
835 2794 1042 2887 σπέρματος.
1139 2848 1151 2868 .

476 2894 482 2926 1
748 2895 751 2908 -
877 2911 880 2919 l

251 2969 295 3012 va.
318 2953 367 3014 ld.
397 2945 619 3038 λεγόμενα,
652 2971 732 3034 quae
753 2951 897 3014 codicum
919 2951 980 3012 lnoc
1001 2950 1072 3012 loco
1092 2949 1190 3012 lectio
1211 2954 1263 3013 aet
1361 3001 1362 3018 .

152 3076 188 3124 .a
209 3058 371 3143 plerisque
403 3060 577 3122 editoribus
599 3060 813 3140 comprobata,
841 3058 879 3120 ad
902 3075 1024 3118 versum
1045 3057 1152 3138 potius
1174 3075 1262 3119 com·

43 3179 83 3211 ·'
152 3167 318 3248 'piendum
342 3168 498 3246 quemad
520 3169 613 3250 hujus
642 3169 816 3230 sententiae
836 3186 958 3228 sensnm
975 3167 1064 3248 juste
1084 3183 1263 3245 ensequau-
1361 3165 1362 3248 1

39 3287 40 3290 ’
148 3311 150 3316 ·
172 3271 245 3334 dum
259 3294 276 3334 a
292 3276 354 3334 scri
359 3281 450 3353 ptura
465 3275 620 3354 prolatum
636 3292 736 3352 eaque
752 3274 873 3334 ratione
888 3291 957 3333 cum
973 3271 1042 3334 aliis
1056 3271 1162 3332 multis
1179 3291 1262 3352 quae

115 3421 116 3424 κ
170 3379 324 3444 metricae
354 3383 402 3441 rei
431 3401 524 3442 causa
554 3381 736 3442 intercalata
765 3387 837 3440 sunit
857 3399 917 3460 per
937 3379 1137 3460 anagraplnen
1160 3379 1263 3442 obviis

157 3478 413 3570 ,comparandum
442 3507 512 3549 esse
539 3487 673 3548 videtur.
722 3487 811 3564 Quod
844 3506 937 3565 quum
959 3487 1003 3550 ita
1023 3487 1066 3547 sit
1086 3504 1190 3565 neque
1213 3491 1264 3547 est

172 3585 256 3675 quod
286 3610 355 3656 cum
377 3595 536 3658 Schanchio
558 3565 741 3685 praegnanti
774 3594 905 3674 quadam
934 3593 1183 3677 significatione,
1216 3595 1262 3655 ita

54 3720 70 3795 Ι·
171 3707 207 3762 ot
231 3700 339 3762 ο1.ιιί
370 3703 490 3762 initium
521 3701 688 3782 fragmenti
717 3703 858 3780 prosaici
880 3720 908 3760 v
931 3695 1263 3798 προσαγορευομένη

172 3809 257 3872 idem
280 3809 363 3888 quod
386 3829 421 3870 ce
423 3809 564 3882 leb,ruto
583 3809 771 3891 praedicato
791 3809 905 3882 valeat,
926 3809 1185 3888 interpretemur,
1207 3827 1264 3870 ue·

174 3937 236 3998 quc
266 3936 345 3998 quae
376 3917 519 3978 codicum
548 3919 735 3978 anctoritate
765 3917 888 3977 firmata
919 3923 966 3976 est
993 3917 1161 3977 lectionem
1192 3935 1264 3988 oum
1361 3911 1362 3928 ¹

172 4026 348 4088 (iaaauboui
364 4026 556 4106 conjectura,
580 4044 670 4104 quam
686 4025 825 4085 Marinus
839 4026 962 4106 rejecit
985 4024 1105 4086 Gailius
1126 4031 1159 4084 et
1175 4023 1265 4086 llutt
1361 4061 1362 4112 3

2 4123 3 4130 '
46 4209 49 4220 ι
174 4151 301 4196 manuus
334 4133 604 4211 approbaverunt,
637 4123 788 4214 ἐχόμενα
820 4139 1058 4208 commutemus,
1088 4149 1264 4220 quanquam
1361 4113 1362 4200 1

171 4238 246 4326 huic
265 4241 437 4318 suspicioni
458 4240 491 4302 id
513 4242 627 4320 ipsum,
650 4240 765 4320 quod
756 4261 786 4302 ιο
804 4241 909 4302 verbis
923 4239 1039 4308 deinde
1060 4237 1266 4323 sequentihus
1361 4235 1362 4324 1
