2734 4718
541 241 913 370 “43²“

185 437 287 501 nullos
300 439 387 502 uerit
402 439 602 519 scriptorum.
645 440 693 502 Nc
711 440 756 502 dc
770 433 882 524 Κιδης
901 437 1051 504 vomhulo
1067 429 1152 522 quod
1174 459 1220 504 va.
1231 441 1274 504 dt

184 545 301 627 legitur
322 554 355 606 et
381 566 442 628 pro
463 545 645 627 corruptela
665 547 844 610 hahendum
872 565 943 610 case
962 547 1089 610 videtur
1108 549 1207 610 verba
1226 551 1274 612 la·

185 655 275 728 ciam,
296 671 400 732 neque
422 653 611 733 Hylaethum
633 655 770 730 durium,
791 673 895 734 neque
915 655 1059 718 increta
1079 657 1274 737 Aagaraeam

183 779 287 839 neque
307 760 418 822 florias
437 761 483 822 ihi
503 761 693 836 recensitos,
719 762 807 822 siah
835 780 897 822 uuo
919 761 1057 824 Lethaeo
1079 761 1275 838 discesseris,

183 887 286 948 neque
322 869 533 948 ldmperesion
576 870 738 948 quisquam
777 871 856 930 alius
889 871 1060 930 memoriae
1092 869 1276 933 tradiderit.

183 975 271 1038 'l'alia
297 985 400 1038 tamen
431 978 556 1038 nomina
581 978 783 1038 Buttmannus
804 979 1030 1041 Dicaearchum
1057 997 1096 1040 ex
1124 953 1275 1060 mythicis

181 1085 394 1165 temporibus,
421 1103 553 1162 quorum
574 1087 734 1146 maximam
753 1087 907 1146 rationem
928 1087 961 1146 in
982 1086 1163 1167 anagraphe
1186 1087 1275 1148 hahi-

178 1186 244 1255 'tam
265 1191 363 1253 fuisse
384 1198 493 1272 putat,
514 1195 683 1274 repetiisse
705 1195 823 1254 statuit.
873 1193 944 1254 latis
965 1199 1068 1254 autem
1089 1213 1150 1256 nou
1172 1197 1275 1256 miuus

181 1303 290 1362 miram
314 1318 380 1361 eam
402 1299 544 1358 notitiam
573 1317 643 1358 esse
665 1297 813 1372 dixerim,
843 1309 904 1378 qua
925 1317 968 1360 vs.
989 1297 1031 1360 72
1052 1300 1236 1362 Phocenses
1255 1320 1274 1362 a

181 1409 350 1490 Lelegihua
371 1407 494 1470 oriundi
516 1423 585 1468 esse
601 1405 824 1485 praedicantur
847 1404 1047 1490 (quanquam
1065 1414 1156 1468 certo
1178 1409 1273 1470 statui

180 1535 242 1578 nou
263 1521 379 1596 potest,
400 1533 462 1594 qao
483 1531 576 1575 sensu
595 1513 692 1574 verba
712 1509 750 1576 ἐκ
771 1505 937 1595 Λελέγων
961 1507 1151 1597 φερόμενοι
1173 1517 1273 1576 inter·

180 1623 334 1705 pretanda
363 1617 449 1707 sint)
490 1625 523 1681 et
553 1639 614 1700 qua
642 1621 675 1682 in
703 1621 873 1701 fragmenti
901 1621 979 1696 tine,
1011 1619 1274 1700 quemadmodum

180 1731 348 1794 verborum
369 1730 504 1812 simplex,
530 1727 699 1809 explicatio
720 1711 863 1810 flagitat,
889 1729 1087 1808 Peparethus
1116 1724 1274 1812 τρίπολις

179 1839 336 1901 nominata
371 1853 440 1898 esse
468 1835 619 1896 refertur.
674 1834 755 1897 Tum
792 1853 853 1914 per
888 1836 987 1914 ipsam
1024 1833 1275 1916 descriptionem

105 1977 110 1994 ι
179 1945 325 2010 nonnulla
347 1961 478 2024 prorsus
491 1942 721 2018 desiderantur,
742 1943 826 2002 sicut
845 1943 977 2004 Boeotia
998 1941 1139 2004 abacista
1152 1944 1273 2006 Locro·

178 2071 248 2112 rum
275 2051 489 2131 Opuntiorum¹
513 2057 546 2112 et
576 2044 868 2130 Epicnemidicrom
897 2068 1046 2112 recensus
1074 2049 1276 2133 adjiciendus

178 2159 250 2235 fuit,
271 2159 303 2220 in
317 2157 489 2238 Cycladum
510 2159 746 2235 enumeratione
767 2177 844 2236 quas
865 2157 904 2218 ad
919 2149 1079 2219 minimum
1102 2156 1274 2221 duodecim

177 2249 418 2328 tuisse'ennsnt
439 2265 481 2326 cl.
501 2263 605 2326 Strah.
627 2263 672 2340 X,
693 2284 726 2345 p.
746 2262 809 2324 485
838 2265 1040 2344 gravissimae
1061 2265 1217 2343 quaedam
1238 2271 1274 2328 ut
1353 2257 1354 2342 l

176 2373 282 2436 Naxus
303 2381 336 2434 et
348 2374 447 2443 Parus
467 2372 593 2434 silentio
607 2371 860 2434 transmittuntur
881 2378 914 2432 et
931 2371 1055 2432 urhinm
1069 2371 1272 2436 Cretensium

35 2483 42 2502 ⁸
119 2555 121 2559 ,
176 2481 248 2560 ipse
269 2485 378 2543 auctor
408 2479 578 2560 profitetur
608 2495 643 2538 se
674 2477 835 2561 nonnullas
862 2477 1131 2556 praetermisisse,
1163 2479 1272 2541 addita

176 2585 270 2646 simul
297 2585 366 2667 ejus
392 2585 511 2646 silentii
539 2601 632 2646 cansa
654 2583 766 2646 eximia
794 2575 899 2646 ἄλλαι
928 2581 962 2645 τ’
983 2580 1066 2646 εἰσὶν
1088 2581 1126 2646 ἑν
1147 2578 1271 2672 Κρήτῃ

177 2685 307 2766 πόλεις,
330 2680 372 2764 ἅς
394 2685 485 2754 ἐστιν
501 2687 648 2773 ἐργῶδες
662 2679 810 2778 epolono
853 2691 1016 2770 Quaerere
1030 2711 1157 2770 quoque
1171 2693 1271 2756 licue-

53 2811 55 2815 ·
177 2800 235 2873 rit,
267 2818 339 2862 num
361 2799 538 2860 Lechaeum
567 2799 681 2862 merito
702 2797 855 2878 oppidum
878 2797 942 2860 dici
968 2800 1109 2879 potuerit
1130 2807 1164 2860 et
1185 2802 1272 2886 quis-

177 2925 247 2968 nam
267 2925 360 2967 sanae
386 2907 499 2968 mentis
519 2907 659 2986 scriptor
683 2905 739 2967 tali
760 2904 853 2966 moda
885 2905 968 2968 iuter
987 2924 1024 2969 ae
1050 2909 1272 2970 consarcinare

176 3014 297 3076 haecce
317 3033 409 3076 ausus
430 3013 530 3074 luerit
557 3031 601 3074 vs.
621 3012 663 3074 42
685 3032 732 3091 aq.
765 3006 876 3098 Τῆνος
904 3014 961 3076 καὶ
988 3003 1100 3098 λιμήν,
1120 3003 1272 3095 Ἀνδρος

177 3139 214 3202 re
236 3121 340 3208 νῆσος
367 3120 428 3184 καὶ
454 3108 545 3183 κατά
577 3113 609 3182 Γ
607 3111 768 3200 ἑραιστον
789 3110 901 3204 λιμήν.
951 3119 1041 3180 Fieri
1068 3137 1130 3182 nou
1153 3128 1272 3201 potest,

179 3229 254 3307 quin
277 3226 433 3308 cJusmcdi
454 3226 683 3306 expositionem
698 3225 900 3306 perlegentes
914 3227 947 3288 in
960 3228 1142 3288 memoriam
1158 3247 1271 3290 eorum

175 3351 321 3396 casuum
349 3335 574 3398 memorialium
603 3333 787 3410 redeamus,
820 3351 898 3414 quos
926 3335 959 3396 in
985 3337 1201 3415 grammaticis
1222 3338 1271 3398 in·

177 3443 289 3522 primia
322 3440 425 3504 latinis
463 3441 620 3504 exhibitos
656 3439 802 3502 ediscere
836 3439 912 3502 olim
947 3443 1040 3520 pueri
1066 3443 1270 3522 juhehamur.

178 3547 281 3612 Versu
301 3547 354 3623 51,
374 3549 457 3611 sicut
478 3548 605 3627 quidem
624 3545 714 3609 locus
734 3565 816 3608 nunc
837 3565 873 3608 ac
894 3544 1003 3621 hahet,
1023 3546 1131 3610 lthaca
1152 3550 1270 3610 insula·

175 3673 246 3716 rum
269 3654 543 3735 Cephalleniarnm
572 3672 701 3716 numero
731 3653 826 3714 eximi
853 3652 996 3730 videtur,
1028 3672 1205 3734 quanquam
1234 3655 1270 3718 iu

176 3783 214 3828 ea
239 3764 338 3826 insula
365 3765 542 3852 principem
572 3761 663 3840 regui
685 3760 883 3840 cephallenii
913 3760 1022 3822 aedem
1041 3761 1190 3824 hahuisse
1217 3781 1269 3826 se-
1353 3773 1354 3868 q

176 3871 311 3950 cundum
331 3870 494 3934 historiam
514 3866 689 3929 tabulatam
710 3875 841 3930 constat
882 3869 1009 3932 Minore
1029 3870 1165 3934 fortasse
1185 3875 1268 3935 vitu·
1353 3871 1354 3914 l

176 3981 268 4060 perio
290 3980 428 4057 scriptor
448 3971 522 4038 ideo'
544 3973 731 4037 afficiendus
752 3977 833 4049 erit,
858 3977 1151 4059 quod·Seriphom,
1173 3998 1267 4059 quam

175 4086 353 4166 Stephanus
373 4083 561 4162 Byzantinus
582 4081 983 4164 Sporadibusadscripsit,
1004 4086 1089 4147 iuter
1110 4087 1267 4167 Cyclades
1353 4063 1354 4140 l

176 4199 210 4270 et
228 4191 440 4273 Peparethum
450 4191 495 4252 -in
516 4188 686 4270 Cycladum
707 4209 838 4255 numero
859 4211 878 4254 a
897 4191 1059 4276 Stephano
1079 4195 1265 4260 collocatam
