2728 4720
496 301 941 382 *ΛΜ-ψ’

116 446 330 558 ¹Acarnaniae
350 495 445 558 situm
465 496 529 558 situ
542 493 688 570 Aetoliae
708 491 893 576 provinciae
913 497 1004 558 antea
1024 512 1087 559 non
1106 513 1225 562 memo·

134 604 223 664 ratae
245 601 376 707 definiit.
417 601 481 664 Sed
502 601 763 665 considerandum
785 607 848 680 est,
869 602 954 682 quali
975 604 1226 694 conscriptore

135 705 196 768 lsac
217 709 250 768 in
270 708 451 788 anagraplre
472 707 563 771 nobis
582 727 636 770 res
655 709 707 786 sit,
728 713 761 772 et
780 708 864 771 inira
884 708 1064 788 complures
1084 708 1150 774 loci
1168 727 1227 772 no·
1267 704 1269 709 ’

135 814 186 876 bis
206 815 327 876 obviam
341 815 427 892 fient,
450 817 561 894 quibus
582 818 730 878 transitus
750 836 812 880 oon
833 817 908 878 satis
927 821 1022 896 aptos
1043 821 1076 878 et
1096 834 1227 879 accurs-
1312 888 1314 892 p

137 927 190 984 tus
217 923 483 987 animadvertitur.
525 923 616 1003 Quod
646 926 728 986 enim
758 924 839 986 hono
866 921 906 984 ad
933 924 1156 1004 negligentiam
1186 939 1227 986 ex

136 1031 401 1110 praecedentibus
430 1033 608 1114 exemplum
627 1033 830 1094 Bottmaunns
857 1031 979 1110 attulit,
1006 1031 1111 1096 locum
1140 1031 1225 1108 dico,

138 1155 200 1216 quo
228 1141 369 1217 scriptor
395 1145 504 1202 noster
537 1139 580 1202 do
603 1140 769 1202 Ambracia
805 1139 964 1201 disserere
1001 1143 1152 1220 coeperat
1180 1142 1225 1211 ct.

138 1243 350 1324 disputatione
372 1246 412 1308 de
434 1247 588 1310 Graeciae
609 1247 723 1310 linibus
742 1248 930 1330 interiecta,
951 1253 1016 1309 tnm
1038 1246 1162 1308 demum
1183 1239 1225 1307 ad

138 1352 334 1416 Ambraciam
360 1354 609 1431 reverenciam,
638 1373 700 1418 oon
729 1355 822 1435 plane
853 1355 963 1418 similia
983 1355 1036 1416 liic
1056 1353 1145 1415 locus
1167 1355 1226 1430 cst,

137 1460 260 1541 qnippe
289 1481 352 1541 quo
380 1462 536 1530 distinctis
564 1463 669 1524 verbis
697 1463 822 1553 dixerit
844 1451 934 1548 πλὴν
963 1457 1021 1524 ἐπὶ
1048 1449 1094 1522 τοί
1114 1445 1226 1522 λοιποί

136 1567 202 1628 τοῦ
222 1560 328 1650 λόγον
345 1560 570 1656 προβήσομαι
592 1575 626 1632 et
646 1569 806 1633 addiderit
820 1572 914 1632 etiam
933 1565 988 1632 οίπ
1005 1564 1224 1656 Ἀμβρακίας.

92 1661 95 1666 ’
137 1675 229 1754 Quod
250 1677 290 1738 ad
311 1677 444 1740 altorum
465 1683 569 1740 antem
590 1680 703 1740 attinet
724 1679 906 1762 offensionis
927 1697 1044 1760 genus,
1068 1679 1107 1740 in
1129 1694 1168 1738 ea
1187 1693 1226 1761 re

130 1803 232 1863 'quum
258 1803 319 1864 per
339 1804 374 1846 so
394 1803 456 1848 oon
485 1792 604 1850 tantum
635 1787 708 1848 miri
728 1792 761 1848 et
791 1785 1130 1872 singularitatisinest‚
1152 1788 1226 1852 rum

136 1877 310 1956 simillimus
331 1893 415 1974 apud
437 1899 576 1956 nostrum
597 1893 681 1960 inira
695 1893 785 1976 adest
805 1895 893 1955 locus
913 1911 956 1955 τε.
969 1891 1022 1969 62,
1044 1911 1106 1972 qno
1120 1891 1241 1964 Aaron,

133 1979 353 2080 's'llolopibna
375 2020 507 2080 quorum
527 2001 611 2062 nullu
633 2001 706 2062 dom
720 2001 943 2062 mentiolacta
962 2005 1041 2078 erat,
1054 1998 1227 2060 meridiem
1256 1995 1258 2000 ’

136 2124 246 2168 versus
266 2107 410 2170 habitare
430 2109 623 2170 referuntur.
665 2109 780 2170 Sensus
803 2103 902 2189 igitur
914 2126 1022 2168 versus
1036 2108 1135 2168 nostri
1155 2106 1227 2168 talis

137 2217 318 2278 statuendus
340 2235 409 2278 esse
430 2223 581 2298 apparet:
603 2219 781 2280 Acarnanes
802 2217 840 2278 alr
861 2217 982 2280 Aetolis
1005 2216 1145 2279 Acheloo
1166 2215 1227 2292 ilar

136 2323 189 2384 sio
219 2323 371 2388 diremtos
399 2343 438 2386 cx
459 2302 617 2387 contraria
645 2325 758 2386 lrortrm
786 2327 919 2405 regione
940 2323 1032 2386 sedes
1051 2329 1163 2386 tenere
1184 2316 1227 2384 cl.

136 2429 240 2492 Strato.
264 2429 356 2507 Vlll,
373 2430 445 2492 336.
467 2420 558 2504 τινὲς
579 2421 618 2493 δέ
640 2449 746 2516 φασιν
766 2419 938 2513 Ἁχελοίου
961 2428 1024 2492 τοῦ
1046 2425 1227 2514 ὁρίζοντος

113 2532 115 2534 ’
135 2532 351 2620 Ἀκαρνᾶνας
371 2538 432 2601 καὶ
451 2529 647 2612 Αἰτωλούς.
690 2539 728 2615 Χ,
748 2539 819 2600 449.
847 2535 1005 2600 Αἰτωλοί
1025 2527 1089 2622 μὲν
1110 2529 1226 2601 τοίνυν
1289 2605 1290 2608 ¹

137 2648 196 2710 καί
222 2643 428 2732 Ἀκαρνᾶνες
456 2643 643 2732 ὁμοροῢσιν
672 2640 835 2730 αλλήλοις
861 2633 968 2730 με’σον
996 2635 1134 2724 ἔχοντες
1164 2633 1226 2734 τὸν

135 2747 308 2832 Ἁχελοῒον
339 2745 503 2843 ποταμὸν
531 2740 666 2842 Ιῥέοντα
702 2745 776 2818 σίπὸ
810 2753 881 2815 τοῖν
913 2747 1051 2835 ἄρκτων
1080 2753 1140 2818 καί
1167 2749 1229 2836 τῆς

139 2855 271 2924 Πίνδου
303 2852 391 2946 πρὸς
421 2852 527 2926 νότον
547 2851 606 2924 διοί
633 2879 670 2924 τε
689 2851 858 2946 Ἀρραίων
879 2856 1076 2924 Αἰτωλικοῦ
1104 2851 1250 2933 ἔθνους

138 2969 199 3032 καὶ
217 2961 436 3057 Ἀμφιλόχων
457 2959 499 3049 et,
521 2989 614 3050 quern
636 2969 757 3032 Gallius
777 2969 891 3046 attulit,
912 2969 992 3032 Plio.
1006 2968 1060 3046 lv,
1081 2967 1110 3030 1.
1131 2965 1227 3048 Apud

139 3075 301 3156 Scylacem
314 3085 429 3156 autem,
450 3098 542 3158 quem
557 3079 642 3140 idem
656 3079 704 3140 vir
719 3079 915 3170 doctisssimn
928 3083 1096 3158 praeterea
1113 3083 1226 3139 testem

139 3185 302 3266 alleganti,
340 3187 488 3268 equidem
515 3187 597 3250 nihil
623 3189 733 3270 reperi
764 3187 849 3268 qnod
878 3186 942 3250 lanc
971 3191 1117 3250 accurato
1149 3205 1234 3266 qna-1

139 3290 257 3355 draret,

119 3387 121 3390 ⁵
221 3421 264 3464 τι.
285 3401 337 3466 54.
363 3403 450 3468 Vero
471 3404 555 3468 hand
577 3401 726 3468 absimilis
746 3405 923 3468 Buttmauni
944 3406 1128 3488 conjectura
1148 3401 1227 3464 milrl

138 3507 274 3585 videtur,
297 3530 358 3589 qna
379 3511 525 3576 llercnlis
544 3513 696 3593 templum
716 3512 778 3573 hoc
798 3513 869 3574 loco
891 3517 1165 3574 commemoratum
1186 3507 1226 3568 ad

139 3617 278 3697 Alyziam
302 3609 495 3682 Acarnaniae
515 3621 625 3684 orbern
646 3622 830 3696 referamus,
850 3641 952 3703 prope
975 3639 1066 3700 quarn
1080 3617 1227 3681 Herculis

137 3725 242 3787 fanum
272 3727 370 3808 idque
401 3731 535 3811 Lysippi
563 3731 698 3794 artificio
726 3737 906 3792 exornatum
935 3731 1091 3793 exstitisse
1111 3727 1225 3790 Strabo

138 3829 308 3896 memoriae
339 3835 484 3917 prodidit
510 3837 552 3915 ll,
580 3837 653 3900 too.
691 3817 742 3902 uio
768 3837 788 3926 ἡ
815 3832 953 3914 Ἀλυζία
980 3831 1226 3900 πεντεκαίδεκα

138 3931 212 4003 aiud
228 3933 405 4031 θαλάττης
427 3935 532 4025 διέχει
548 3943 723 4021 σταδίους,
742 3939 833 4006 καθ’
856 3934 895 4028 ἦν
919 3940 990 4007 ἑστι
1008 3931 1225 4029 lapda-'Hoet-

140 4041 374 4140 κλέουςιὶερὸς
395 4056 451 4116 καί
473 4047 625 4137 τέμενος.
658 4046 697 4128 ἐξ
725 4048 835 4114 αὑτοῦ
852 4040 1061 4136 Ἡρακλέους
1082 4046 1225 4125 ἄθλους,

140 4147 224 4240 ἔργα
244 4156 451 4234 Λυσίππου,
487 4150 690 4246 μετήνεγκεν
714 4155 760 4233 εἰς
785 4148 925 4245 Ῥοίμην,
953 4154 1023 4218 τοῖν
1045 4139 1225 4238 ἡγεμόνων
1359 4149 1360 4156 '

138 4282 190 4340 τις
218 4255 320 4354 παροί
345 4257 458 4332 τόπον
488 4256 663 4352 κειμένους
692 4255 751 4330 ord
773 4254 835 4352 τήν
857 4262 1014 4351 ἐρημίαν.
1063 4263 1133 4326 Ηοο
1153 4260 1226 4364 loco
