2720 4722
543 337 947 415 -u---32d--a-¹

75 585 80 605 .
184 551 275 598 cunm
295 533 403 597 ordine
425 533 659 612 circumdatum.
700 535 781 598 Eum
802 535 885 598 euim
906 549 1030 598 aeuaum
1051 531 1198 611 ιιιιιιιι,
1218 533 1281 614 qui

183 641 266 706 aient
295 648 367 704 ante
392 661 463 704 eum
485 641 664 724 Stephanus
692 649 726 705 et
753 649 866 724 poatea
890 641 1095 706 Buttmannua
1118 642 1281 722 vulgatam

182 751 351 814 lectionem
373 738 623 836 ἀνειλημμένην
644 750 678 812 ln
698 750 795 812 tertia
815 749 956 827 retinuit,
977 767 1100 812 necnon
1120 749 1282 811 aMarxio

183 859 290 921 verbis
311 866 433 930 στοαῖς
455 849 703 947 άνειλημμένῃν
725 856 860 932 διτταῖς
878 858 977 920 tribui
991 856 1095 920 video.
1136 855 1202 918 Sed
1221 854 1282 920 lrio

184 964 313 1046 quidem
335 964 535 1028 doctissimus
554 965 604 1026 vir·
623 965 739 1027 marito
761 962 924 1042 dubitavit,
944 983 1017 1026 uum
1038 963 1110 1026 talia
1130 963 1185 1026 iile
1206 983 1282 1028 aen-

183 1091 236 1136 aua
263 1074 387 1153 qualem
416 1071 592 1135 desiderari
618 1073 652 1136 in
680 1055 793 1154 aperto
822 1079 871 1135 eat
898 1073 997 1136 verbo
1025 1063 1281 1160 άνειλημμένην

182 1182 340 1244 contineri
361 1185 479 1261 poaaet,
500 1181 634 1262 ejusque
647 1181 682 1243 iu
701 1180 805 1243 iocum
820 1171 1097 1267 συνειλημμένῳι
1108 1182 1283 1243 restituen-

183 1288 258 1352 dum
277 1289 547 1368 eucarpionae
568 1293 626 1350 cat.
667 1288 767 1368 Quam
781 1287 1031 1352 emendationem
1052 1287 1136 1368 quod
1159 1287 1201 1349 ad
1220 1307 1284 1368 pa-

183 1394 438 1478 laeographicam
465 1395 628 1456 rationem
648 1399 682 1457 et
710 1393 797 1474 quod
824 1391 864 1456 ad
891 1413 1001 1456 aeuaua
1022 1393 1282 1457 commoditatem

186 1505 262 1566 artie
282 1508 386 1584 aptam
408 1501 557 1582 equidem
579 1519 706 1582 quoque
728 1501 982 1584 comprobarem,
1002 1503 1064 1564 nial
1084 1521 1218 1564 vererer
1237 1521 1282 1562 ne

184 1611 246 1676 hoc
268 1611 383 1672 iterum
404 1609 475 1671 loco
496 1607 582 1671 idem
601 1606 664 1670 tate
684 1608 874 1691 compilator
893 1609 991 1672 verba
1010 1608 1200 1671 Dicaearchi
1221 1609 1282 1670 ali·

187 1717 311 1798 quando
340 1717 460 1798 optime
490 1702 668 1798 compotita
695 1719 750 1777 aut
786 1715 868 1778 miro
896 1715 990 1778 modo
1021 1715 1198 1780 turbaverit
1226 1723 1283 1778 aut

184 1845 296 1914 eorum
316 1825 474 1888 inlocum
494 1821 590 1904 plane
611 1821 673 1884 alia
684 1819 867 1902 protulerit,
888 1841 944 1884 aua
958 1829 1109 1902 excerpta
1130 1816 1163 1884 et
1175 1840 1282 1905 granu

184 1935 300 1998 matico
320 1933 431 1994 habita
452 1937 486 1992 et
506 1929 674 1992 uerborum
696 1927 853 1991 electione
874 1947 986 2010 parum
1006 1929 1184 1992 laudabilia.
1216 1931 1283 1994 llx-

186 2039 328 2122 cipieadi
355 2037 492 2118 denique
521 2055 614 2098 aenan
644 2036 852 2116 interpretari
879 2036 1015 2098 formare
1042 2037 1158 2100 liceret
1191 2015 1281 2101 ἅνα-

185 2139 399 2234 λαμβιίνιιν,
428 2145 473 2206 ιιι
499 2149 535 2204 ut
554 2141 660 2203 lorum
680 2141 915 2204 Anthedoulum
936 2163 954 2204 a
973 2144 1152 2224 porticibua
1173 2147 1284 2227 excipi

186 2253 385 2326 traderetur3
414 2269 483 2314 eam
512 2256 615 2312 tamen
644 2249 678 2311 iu
709 2248 953 2329 explicationem
973 2252 1151 2330 praesentis
1171 2255 1283 2334 potina

78 2395 80 2398 ·
187 2361 393 2444 participium
421 2345 762 2444 dvalopssavopc'opv
794 2360 1043 2438 exspectassem,
1072 2377 1165 2440 quam
1185 2379 1282 2442 prae-

186 2467 275 2530 teriti
297 2455 554 2552 ἀνειλημμὲνην.

210 2584 214 2593 “
271 2562 374 2657 αὕτη
404 2561 452 2634 δι’
483 2571 569 2654 quod
598 2589 707 2636 omnea
734 2571 875 2636 editor-ea
901 2575 1060 2656 integrum
1079 2573 1283 2658 reliquerunt
1350 2631 1351 2657 p

189 2683 267 2747 milri
298 2679 426 2762 quidem
457 2699 496 2742 eo
523 2679 692 2742 verborum
713 2697 856 2742 connexu
883 2699 1013 2764 magnae
1034 2683 1203 2747 offensioni
1224 2691 1283 2750 eat.
1349 2741 1350 2759 ,

189 2789 372 2872 Quanquam
394 2794 497 2852 autem
517 2788 590 2852 lieri
610 2807 673 2850 uon
692 2793 810 2870 pateat,
832 2789 908 2868 quin
929 2790 1031 2870 ipaum
1052 2779 1283 2855 Dicaearchum
1348 2825 1349 2861 ι

190 2917 229 2963 ea
248 2897 345 2961 verba
372 2891 541 2976 aliquando
569 2894 690 2974 optima
709 2897 935 2955 sententiarum
962 2897 1185 2980 conjunctione
1207 2917 1284 2982 pro·
1347 2949 1348 2963 ,

190 3005 312 3082 taliane,
333 2997 572 3085 compilatorem
587 2999 703 3064 deinde
728 2999 825 3062 foedo
846 3001 940 3064 modo
961 3009 1193 3087 transposuisse
1208 3029 1284 3072 cou-
1346 3021 1347 3065 i

186 3114 346 3197 jiciamua,
367 3093 547 3174 contextum
567 3115 671 3171 tamen
692 3107 853 3189 aliquanto
867 3109 1031 3172 meliorem
1051 3111 1194 3176 reddere
1206 3117 1285 3180 licet
1345 3151 1346 3167 a

192 3221 342 3284 iaeiltima
363 3217 550 3280 emendandi
570 3215 694 3278 ratione
715 3234 817 3296 eaque
838 3217 913 3280 ertia
935 3223 1022 3299 apta,
1048 3237 1111 3300 pro
1132 3209 1221 3308 αὕτη
1245 3215 1286 3287 δέ
1344 3239 1345 3269 ι

194 3326 401 3392 rescribendo
431 3313 518 3410 αὐτὴ
547 3309 585 3385 δέ
616 3322 658 3386 ci.
689 3341 770 3404 quae
801 3323 842 3390 de
868 3323 920 3387 hia
946 3326 1077 3390 vocibus
1108 3345 1285 3412 quanquam
1343 3333 1344 3371 i

194 3454 285 3499 verra
305 3433 375 3498 vice
396 3435 480 3497 inter
500 3450 536 3494 ae
556 3432 751 3494 commutatis
772 3429 811 3492 ad
834 3427 868 3492 εἰ
886 3421 972 3519 ao'rp
995 3428 1085 3496 ἐστιν
1108 3433 1128 3520 ἡ
1150 3455 1285 3518 arpena.
1342 3415 1343 3473 l

195 3529 409 3630 yopaoopaa'v'p
439 3559 470 3604 κ.
491 3559 520 3601 τ.
540 3534 571 3602 λ.
593 3555 688 3620 cupra
708 3535 863 3600 adnotari.
910 3537 1024 3618 Neque
1051 3559 1128 3604 vero
1148 3543 1194 3607 ita
1215 3563 1286 3607 eum

195 3651 301 3716 verbio
328 3649 471 3731 proxime
491 3644 758 3726 praecedentibus
780 3651 945 3711 accuratur
964 3649 1190 3712 sententiarum
1211 3671 1286 3716 con·
1339 3697 1340 3700 ,

196 3778 295 3824 nexua
310 3755 519 3818 restituetur.
582 3752 731 3816 Ceterum
760 3771 823 3816 non
850 3771 1042 3836 magnopere
1068 3755 1231 3839 placeret,
1258 3761 1286 3824 ai

199 3869 269 3951 quia
289 3861 466 3944 invulgata
486 3859 657 3922 aubaiateua
676 3859 814 3921 lectione
834 3847 920 3945 adep
943 3848 985 3923 δι’
1003 3861 1044 3925 ιι
1066 3853 1127 3948 τήν
1149 3861 1286 3952 ἀγοράν

197 3969 404 4042 referendum
424 3985 494 4030 ease
515 3964 711 4048 opinaretur.

284 4071 458 4146 ιιοινος.
507 4072 558 4136 Ad
587 4071 668 4133 hanc
688 4071 839 4134 Boeotiae
860 4071 971 4138 urbem
991 4073 1197 4141 referendum
1217 4095 1287 4142 care

200 4189 280 4255 mihi
307 4205 378 4251 cum
405 4182 528 4248 Maeuio
556 4177 682 4240 videtur
709 4177 796 4258 quod
823 4178 862 4243 ab
882 4180 1046 4244 Athenaeo
1066 4182 1099 4260 1,
1118 4181 1163 4244 bd
1181 4203 1215 4267 p.
1236 4185 1288 4265 81,

199 4297 273 4360 ato.
301 4313 327 4358 a.
356 4295 390 4353 et
409 4284 578 4351 Plutarcho
600 4287 734 4366 quaeatt.
761 4283 817 4350 tir.
838 4303 872 4369 p.-
890 4283 955 4349 2⁰5
974 4285 1026 4352 ed.
1045 4287 1155 4354 Reirk.
1175 4297 1198 4354 t.
1221 4291 1288 4371 vil,
