2728 4720
521 273 745 351 *458
795 283 904 330 --'

158 469 191 520 et
206 479 240 520 ex
255 461 415 520 Callimachi
432 461 533 534 trono
550 465 654 530 altatis,
672 463 772 536 quibus
789 461 950 518 vocabulum
967 444 1041 535 ἅγιος
1058 461 1162 530 legitur.
1198 461 1251 516 lie·

161 575 214 632 qne
230 556 303 614 enim
321 558 446 612 Orannus
470 557 524 612 hec
540 558 703 613 vocabulum
727 557 874 630 antiquiori
896 565 1019 627 tempore
1037 555 1152 609 inveniri
1171 573 1256 622 nega-

159 655 201 708 rit
216 659 244 706 et
260 669 293 707 ex
315 669 367 704 usu
389 650 462 723 apud
479 651 621 722 scriptores
639 650 806 705 Christianos
824 649 989 724 potissimum
1008 650 1149 702 obtinente
1167 649 1255 703 colle·

158 745 206 814 git,-
224 744 288 799 inde
300 745 485 800 etiamuostro
501 745 564 799 loco
577 747 720 816 repetitum
738 762 802 799 esse.
837 741 1047 817 Ceterum,riysos
1063 746 1085 796 si
1102 743 1145 796 cui
1165 742 1256 796 libeat

148 834 386 924 'curn'Aprspltoe
408 847 482 894 arete
504 841 686 909 conjungere.
711 839 750 894 ita
777 847 807 893 ut
831 839 995 908 significetur
1012 837 1117 891 Disnae
1134 853 1254 901 sacrum,
1355 913 1356 926 χ

157 945 214 986 non
232 931 361 988 delendo.
660 927 665 934 ’

228 1028 272 1094 to)
290 1025 405 1080 Versum
422 1026 458 1081 13
476 1023 606 1082 huenen
624 1022 725 1090 reiero,
745 1025 849 1100 quippe
866 1044 921 1098 quo
939 1025 997 1081 sine
1014 1025 1146 1102 parlicula
1164 1031 1197 1084 δέ
1211 1025 1254 1080 ita

156 1117 298 1187 legendum
316 1135 374 1172 esse
392 1119 551 1174 existimem:
568 1115 630 1197 ripae
645 1119 783 1196 πρόσεστιν
799 1121 868 1197 lepis
885 1125 1093 1194 ὶπικεκλημένον,
1119 1127 1149 1172 ut
1166 1121 1254 1173 etlam

155 1211 308 1285 Stephanus
325 1212 420 1268 edidit.
455 1214 536 1286 Quod
548 1231 581 1270 eo
600 1223 689 1268 autem
708 1215 789 1268 ruodo
807 1215 862 1268 duo
872 1216 1036 1284 tribrachym
1054 1233 1082 1268 se
1098 1213 1252 1286 excipiunt,

155 1306 229 1378 apud
247 1314 369 1360 nostrum
387 1308 580 1379 impedimento
597 1325 655 1364 esse
672 1326 727 1362 non
745 1316 852 1382 potest3
871 1315 902 1368 ris
918 1327 982 1363 vero
999 1308 1145 1380 particula,
1164 1322 1255 1381 qusa-
1356 1325 1357 1362 1

155 1415 238 1472 quam
264 1399 389 1454 aGailio
413 1408 441 1454 et
457 1419 474 1454 s
492 1403 653 1456 buttrnsnno
676 1409 803 1476 recepta,
829 1403 931 1457 nullam
955 1412 1002 1456 sut
1025 1419 1176 1474 perversam
1195 1403 1252 1456 vim
1356 1401 1357 1414 ¹

155 1491 269 1546 haberet
294 1494 367 1566 quod
384 1495 420 1548 sd
436 1511 561 1562 sensumo
586 1504 623 1550 et.
636 1498 825 1553 tantummodo
842 1507 927 1552 metro
946 1504 1121 1552 succurreret
1155 1495 1252 1550 Nihilo

154 1585 254 1652 miuus,
273 1588 343 1642 sicul
360 1587 419 1641 aliis
437 1606 545 1660 quoque
563 1587 645 1655 lacis,
665 1591 805 1645 toleranda
823 1599 906 1658 esset,
925 1592 947 1646 si
965 1591 1074 1646 codices
1091 1589 1254 1657 flagitarent.
1357 1589 1358 1640 l

225 1683 270 1747 11)
292 1679 417 1734 Dubitari
441 1681 513 1734 enim
538 1699 594 1736 nou
612 1689 703 1754 potest
721 1684 787 1754 quin
810 1690 869 1758 epto
885 1691 946 1759 γίνῃ
967 1683 1098 1757 Ἑλλήνων
1117 1701 1167 1751 pro
1185 1683 1252 1736 sub-

153 1745 226 1849 ieciu
245 1776 433 1849 accipiendum
444 1775 486 1830 rsit
498 1793 584 1850 enque
595 1779 758 1830 Graecorum
777 1791 873 1844 genera
891 1780 945 1845 jara
958 1777 1132 1850 sequentibus
1151 1793 1253 1830 “ceu-

154 1879 264 1928 sesutur
280 1869 310 1930 si
329 1879 377 1945 pt·
384 1875 603 1944 Λακεδαιμονίων,
619 1876 712 1928 inesses
724 1866 844 1944 'Appulus
861 1867 892 1926 ssi
907 1893 936 1926 ss
948 1866 1013 1927 'Arri
1031 1871 1082 1927 sois
1093 1867 1254 1942 Ἀθηναίων.

225 1970 275 2034 12)
294 1965 389 2036 Neque
407 1964 633 2032 aliterscynrnus
651 1963 735 2016 Chius
752 1962 899 2034 particulas
916 1969 962 2030 dl,
977 1987 1020 2030 rr,
1035 1970 1133 2039 yolpret
1150 1964 1253 2019 similes
1358 1975 1359 2006 l

154 2060 292 2116 collocare
309 2059 407 2130 passim
425 2074 503 2112 ausus
521 2065 562 2110 est
579 2055 614 2110 cl.
632 2075 670 2110 rs.
688 2059 731 2115 6⁵.
752 2062 809 2114 100.
830 2059 887 2112 147.
909 2058 966 2125 149.
985 2060 1044 2114 216.
1064 2063 1123 2112 211.

222 2153 271 2221 13)
288 2151 377 2206 Etiam
392 2169 430 2205 ss.
444 2156 469 2210 5.
488 2151 546 2224 {big
558 2152 648 2204 alieno
661 2151 724 2204 loco
733 2149 896 2203 collocatum
909 2167 965 2204 esse
979 2149 1102 2204 videtur:
1116 2159 1163 2203 aut
1177 2151 1252 2204 euim

152 2259 215 2304 cum
232 2243 443 2320 dnornnepisne
467 2242 691 2312 conjungendum
712 2244 762 2296 erit
781 2252 827 2300 aut
844 2260 877 2296 ex
895 2244 1117 2298 antecedentibus
1136 2246 1252 2299 verbum

152 2339 227 2414 qnod
245 2339 378 2406 significet
395 2339 527 2411 exposui,
551 2337 683 2393 recensui
699 2337 878 2408 repetendum
901 2337 936 2390 ad
955 2339 1036 2409 idque
1055 2337 1112 2410 ἱξῆς
1129 2339 1253 2392 releren·
1359 2363 1360 2390 r

151 2433 231 2500 duro,
256 2433 295 2486 ita
321 2441 351 2487 ut
368 2431 493 2486 dicaturr
509 2437 559 2498 „et
577 2430 687 2496 ordine,
710 2430 857 2486 secuudum
876 2430 1014 2496 ordinem,
1040 2431 1169 2504 deinceps
1185 2433 1254 2487 enu-
1359 2445 1360 2486 t

151 2526 283 2584 moreest

222 2619 268 2688 tt)
285 2619 349 2672 Non
366 2615 480 2670 multum
497 2615 633 2672 lucramur
650 2615 782 2670 liolslenii
800 2614 918 2670 lectione
935 2614 978 2676 λη’
996 2613 1109 2690 Εὐβοίᾳ.

156 2763 161 2771 ,
220 2712 268 2784 15)
285 2695 405 2770 Fuerunt
423 2728 541 2782 quoque,
562 2709 613 2766 uisi
630 2709 709 2763 valde
726 2709 882 2783 fallen-qui
898 2717 956 2782 βίον
972 2711 1149 2779 Dicaearchi,
1169 2717 1251 2784 cuius

148 2813 239 2878 partes
263 2804 381 2869 integras
399 2810 427 2857 et
443 2802 595 2875 prosaicum
619 2809 648 2856 et
664 2804 801 2874 poeticum
820 2815 939 2858 nostrum
956 2804 1137 2873 fragmentum
1155 2810 1251 2861 existi-

148 2899 279 2964 mabant,
304 2897 417 2950 similem
435 2897 464 2949 in
482 2895 591 2951 modum
607 2911 663 2968 quo
681 2895 847 2952 columellae
865 2897 899 2952 de
916 2915 944 2951 re
962 2899 1063 2960 rustice
1082 2918 1164 2972 opus,
1183 2919 1251 2972 par·

149 2996 200 3048 tim
222 2993 339 3066 pedestri
362 2995 485 3048 oratione
508 2995 608 3065 partim
637 2991 757 3049 versibus
782 2996 960 3066 compositum
989 2996 1069 3049 luisse
1095 2997 1249 3052 crederent

148 3088 206 3144 llec
225 3089 313 3142 minus
331 3087 398 3140 mira
415 3095 485 3142 esset
502 3085 652 3151 sententie,
672 3105 724 3159 qua
742 3084 895 3164 ἀναγραφήν
913 3107 1001 3143 serum
1019 3091 1248 3157 memorabilium,

85 3199 87 3205 ⁴
149 3198 221 3254 quse
245 3182 274 3234 in
292 3187 339 3254 βίῳ
356 3181 404 3255 τῆς
417 3178 542 3247 Ἑλλάδος
567 3181 601 3233 ad
618 3179 837 3254 Theophrastum
855 3183 957 3256 scripto
975 3185 1112 3255 expositae
1130 3185 1247 3250 luerint,

82 3280 85 3290 ·
149 3270 267 3326 indicem
286 3274 417 3327 exstitisse
429 3273 634 3342 conjiceremus.
670 3277 762 3330 Posset
776 3277 894 3349 denique
912 3274 1048 3354 ἀναγραφή
1067 3296 1115 3348 pro
1128 3277 1249 3348 epistola

148 3365 257 3438 poetica
276 3366 379 3420 ludicre
397 3383 414 3418 a
427 3357 593 3424 Dicaearcho
611 3367 647 3422 ad
656 3368 874 3442 Theophrastum
894 3371 1046 3444 conscripta
1064 3387 1151 3443 eaque
1166 3372 1250 3428 Vitae

150 3459 281 3514 Graeciae
297 3460 444 3532 praemisse
460 3458 566 3516 haberi.
