2716 4724
447 331 672 449 -losn
723 367 820 383 --
929 348 932 358 ·

91 527 231 616 nomine,
269 541 323 590 sex
343 527 521 592 milliarium
543 519 690 592 distantis
710 529 748 592 ab
770 529 881 613 Oropo
902 543 941 591 er
961 529 1179 612 septentrione
1239 529 1242 534 '
1296 575 1299 582 ι

90 633 249 697 occidenti
269 635 418 718 contigno
439 641 609 718 separatas.
643 635 785 700 Meierns
805 643 909 701 antem
930 636 1180 719 encyclop..liai.

88 741 108 802 1.
129 761 158 804 o.
180 743 337 832 vulgatam
358 743 504 808 codicum
524 745 712 824 lectionem,
745 745 829 808 nulla
858 745 967 824 dejea
986 746 1181 810 dubitatione
1241 797 1247 810 .

88 852 307 932 pronuntiata,
328 858 455 916 secutus
475 857 533 915 ert

172 945 336 1036 παντὸς
357 950 668 1046 καθαρεύονοα
695 967 768 1024 τοῦ
796 949 883 1024 clud
910 958 1078 1025 κλοπῶν
1106 951 1182 1046 φό-

87 1061 178 1138 βον.
223 1066 401 1148 Stephanos
422 1065 556 1133 κλοπαί
574 1069 615 1132 de
630 1071 734 1132 'iuriis
754 1071 860 1150 potius
882 1089 972 1150 quam
996 1069 1036 1131 de
1054 1069 1183 1131 latroci-
1320 1059 1323 1070 ’

86 1174 147 1235 niis
168 1175 442 1256 interpretandam
466 1195 535 1240 esse
556 1179 726 1239 arbitretur
746 1180 936 1258 scriptorem
959 1195 1039 1258 quae
1055 1175 1184 1238 exhibui

88 1281 186 1342 rerba
207 1300 248 1343 eo
269 1285 400 1346 oonsilio
422 1285 582 1348 addidisse
604 1285 743 1362 censuit,
771 1290 806 1346 nt
827 1284 944 1347 oliveta
965 1284 1098 1346 dominis
1119 1283 1184 1345 snia
1271 1354 1273 1358 ,

86 1389 254 1451 utilissima
276 1407 345 1450 esse
366 1391 458 1452 simul
481 1389 730 1469 demonstraret,
752 1392 865 1454 collata
885 1393 928 1454 de
950 1413 1010 1473 qua
1029 1393 1185 1456 ‘Isocrates

86 1499 186 1560 rerba
206 1495 287 1560 lacit
316 1490 462 1579 ninneton
495 1499 568 1562 τοῖν
598 1496 635 1562 ἕν
664 1505 738 1574 τοῖς
767 1493 888 1584 α’γροῖς
917 1491 1184 1564 κατοικούντων.

86 1605 189 1684 Quam
211 1611 397 1671 sententium
420 1609 540 1672 Gallius
561 1611 753 1692 argutiorem
775 1629 845 1673 esse
873 1591 987 1682 merito
1011 1609 1185 1694 Jndiuaritr
1266 1615 1269 1620 ’

86 1717 168 1782 nihil
190 1719 274 1780 enim
295 1718 378 1780 alind
400 1721 541 1801 scriptor
563 1737 664 1800 quarn,
686 1737 781 1808 qnnrp
801 1721 881 1780 riam
900 1726 1091 1800 perterram
1106 1717 1185 1781 oleis
1261 1763 1267 1786 r

87 1827 241 1888 consitam
262 1832 296 1888 et
316 1827 490 1917 silvestrem
513 1827 631 1892 ducere
654 1830 787 1909 eamque
809 1829 850 1890 ob
871 1847 994 1895 oausam
1010 1825 1184 1911 jucundum

88 1950 157 1996 esse
178 1936 381 2014 memoravit,
402 1935 558 1998 accedere
581 1935 659 1998 dicii
680 1935 765 2017 quod
786 1931 925 1998 latrones
945 1936 977 1998 in
1000 1955 1037 1998 ea
1054 1929 1187 1998 'minime'

89 2041 222 2104 timendi
244 2044 314 2104 sint.
364 2043 458 2106 Nulla
478 2043 556 2106 mihl
577 2045 714 2106 innotuit
739 2045 927 2120 nenessitas,
964 2062 1026 2124 qua
1054 2037 1203 2108 κλοπαί,

90 2147 138 2209 rel
160 2143 306 2224 κλοπαί,
338 2151 378 2213 de
400 2158 462 2232 qno
483 2153 636 2214 uocabulo
656 2153 760 2214 statim
782 2151 865 2214 inira
886 2153 1086 2233 expositurus
1107 2169 1185 2228 sum,
1256 2229 1258 2236 y

92 2253 130 2318 de
161 2257 258 2320 fortis
289 2277 393 2340 neque
423 2279 500 2323 vero
516 2260 573 2322 ¹de
603 2259 780 2324 latrociniis
810 2259 946 2342 intelligi
975 2257 1098 2322 debeat.
1139 2257 1185 2322 Ui

89 2381 166 2427 rero
195 2367 287 2445 inde,
323 2367 408 2448 qnod
435 2369 574 2432 lacones
593 2369 627 2432 in
646 2369 687 2431 iis
708 2371 792 2451 agris
812 2367 905 2450 plane
925 2367 1003 2430 nulli
1023 2365 1185 2430 metuendi

89 2481 196 2552 erant,
232 2483 339 2538 terrae
369 2469 571 2562 ἑλαιοφύτῳ
600 2475 658 2540 καὶ
682 2467 879 2562 συνδένδρῳ
900 2495 1044 2558 maguum
1066 2473 1185 2537 emolu-

88 2587 227 2644 mentum
248 2586 434 2662 accesserit,
460 2586 651 2666 scriptorem
672 2590 794 2662 tamen,
809 2585 850 2674 si
872 2568 1000 2664 quidem
1021 2601 1092 2644 enm
1113 2596 1184 2644 scn-

89 2707 159 2752 num
180 2697 327 2753 accurate
347 2691 490 2753 indicare
511 2692 675 2766 voluisset,
711 2691 750 2752 ad
779 2679 899 2772 χώρας
927 2691 1032 2771 potins
1052 2679 1185 2764 παντὸς
1217 2680 1220 2685 ’

29 2793 31 2796 ’
88 2791 416 2882 καθαρευούσης
435 2793 504 2858 τοῦ
525 2785 599 2878 οἱπό
621 2793 766 2859 κλοπιὸν
790 2791 907 2877 φόβον
931 2815 1021 2876 quam
1043 2794 1083 2856 ad
1102 2787 1183 2868 ὁδός
1256 2881 1261 2893 1

76 2903 187 2965 ’πονοι
215 2893 349 2978 παντὸς
375 2895 681 2984 καθαρεύουσα
710 2901 774 2965 τοῦ
802 2893 876 2965 ἀπὸ
897 2895 1042 2965 κλοπῶν
1064 2892 1182 2986 φόβον

90 3011 263 3074 relaturum
290 3007 389 3074 inisse
418 3013 565 3096 conjicio.
606 3007 793 3086 κλοποῖν,
830 3011 915 3092 qnod
940 3009 1082 3073 Murrius
1110 3029 1182 3072 cum

90 3118 251 3200 Stephano
283 3139 302 3182 a
332 3116 447 3208 κλοπη1
479 3122 668 3184 nominativo
704 3121 854 3202 repetiit,
887 3119 1045 3182 contrario
1076 3123 1181 3182 tamen

90 3226 184 3288 modo
204 3244 275 3290 cum
290 3229 395 3292 ilailio
417 3229 457 3290 de
476 3229 573 3293 iuriis
591 3229 657 3290 sire
677 3228 851 3310 latrociniis
872 3225 1037 3304 intellexit,
1058 3225 1182 3292 allott-
1225 3235 1233 3248 ‘

90 3348 200 3410 manno
221 3336 347 3400 silentio
368 3337 501 3418 penitus
515 3338 787 3418 praetermissum,
815 3333 893 3399 mihi
914 3327 1041 3416 quidem
1063 3353 1081 3407 u
1102 3327 1180 3397 κλο-

91 3433 157 3518 πός
185 3444 337 3506 vocabulo
367 3443 591 3525 repetendum'
606 3461 676 3506 esse
705 3444 847 3521 ridetur,
884 3443 973 3524 quod
1002 3445 1035 3506 in
1063 3439 1180 3524 hymno

91 3543 263 3614 Homerico
280 3553 316 3619 ¹in
336 3551 531 3616 Mercurium
553 3545 602 3626 ns.
622 3549 686 3614 rto
711 3543 830 3633 legitur
858 3540 947 3636 μήτε
974 3543 1039 3612 ’τιν’
1068 3539 1181 3612 ἄλλον

93 3652 227 3722 ὄπωπα
248 3656 346 3732 βοοῖν
367 3647 500 3722 κλοπὸν
517 3649 717 3746 ὑμετεράων
738 3659 847 3740 ibique
867 3657 953 3721 idern
974 3655 1127 3720 denotare
1146 3657 1181 3719 iu

25 3807 26 3814 1
93 3767 261 3848 propatulo
290 3774 341 3830 ert
369 3765 456 3848 quod
483 3759 723 3841 rinocorure
753 3759 873 3849 κλώψ,
910 3783 990 3847 quae
1019 3765 1180 3846 posterior

27 3987 31 4152 i

25 3849 27 3863 ἰ
91 3891 149 3936 ror
170 3891 242 3936 num
263 3893 303 3938 er
323 3867 459 3948 κλοπάς
484 3872 699 3938 contrahendo
728 3875 892 3937 efformata
922 3891 992 3937 esse
1013 3863 1083 3934 cum
1105 3872 1179 3934 Ροε-

92 3984 178 4078 sorio
197 3971 362 4044 statuenda
381 3983 438 4060 sit,
458 3981 667 4044 dubitaverim
686 3981 782 4044 sicuti
804 3969 907 4067 σκώψ
928 3992 1071 4062 qnoque,
1093 3977 1178 4057 qnod

93 4091 239 4172 egregins
257 4091 460 4173 leuigraphcs
481 4097 593 4173 utpote
620 4083 796 4172 ἀνάλογον
825 4090 945 4166 attulit,
980 4105 1019 4148 ex
1048 4077 1178 4157 σκοπός

30 4241 32 4282 3
93 4197 232 4261 edictum
254 4197 418 4274 ersemibi
431 4199 567 4262 nondum
582 4199 735 4282 persuasi.
765 4195 929 4291 Potissima
950 4202 1054 4258 autern
1075 4209 1177 4268 eausa,
1247 4197 1250 4202 “

94 4321 172 4384 qnae
191 4325 244 4370 me
264 4311 439 4372 commoret
457 4315 494 4370 ut
514 4303 656 4371 κλοπῶν
684 4306 724 4368 ad
754 4323 867 4370 nomen
887 4289 1177 4384 perannam'neque

893 4407 978 4490 16*
1039 4435 1041 4440 ’
