2734 4718
537 244 1024 332 υ·----3ιιο-----’

179 451 314 534 proinilt
334 469 438 531 neque
459 455 562 514 tamen
584 467 675 515 secus
701 453 798 514 vertit
818 469 855 513 oc
875 453 903 514 si
923 452 1076 532 scriptum
1099 456 1185 516 esset
1204 443 1271 516 τὸν

178 551 353 644 ἓμπορονε
374 558 472 634 „iacit
485 563 527 620 'ut
546 563 740 620 morosiores
760 557 871 620 urbem
890 557 1125 638 frequenieut“
1156 551 1272 643 ἐμπό-

177 682 252 749 ριος
270 672 377 728 sutem
396 663 588 746 adjectivum
614 682 652 726 cs
677 682 758 745 quse
785 663 826 726 sd
846 669 1053 728 mercaturam
1073 665 1125 727 sel
1144 681 1270 728 meses·

55 854 57 858 ι
142 752 147 760 ’
174 776 263 834 tores
284 773 445 853 pertinent
466 772 645 853 significans
658 772 776 834 cadere
796 773 858 836 buo
872 774 984 851 nequit
1002 790 1106 852 neque
1121 751 1270 852 quadrat,

174 885 211 943 ut
231 899 249 942 a
271 879 366 942 dubia
387 880 455 962 ejus
475 880 619 942 vocabuli
638 880 828 942 anctoritste
848 879 1027 955 discedam,
1054 897 1166 942 nomeu
1192 879 1271 942 sub-

174 989 341 1050 stsntirum
370 987 408 1050 sb
430 988 591 1068 iiespobio
622 1002 683 1070 per
711 975 875 1072 μέτοικος
901 987 1099 1049 iliustretum.
1150 986 1270 1065 Quam-

175 1113 268 1175 quam
289 1113 380 1173 vero,
412 1115 507 1176 quum
531 1095 622 1178 apud
648 1103 816 1174 utrumque
839 1101 878 1156 ¹et
899 1093 1034 1180 tisilism
1055 1101 1089 1156 et
1108 1093 1278 1168 blarxium,

176 1201 218 1265 de
239 1205 316 1267 vitio
330 1205 564 1286 typographico
585 1206 636 1269 sis
651 1205 785 1286 cogitari
797 1203 908 1284 possit,
927 1201 1012 1266 istud
1033 1191 1204 1289 ἐμπόριον
1225 1221 1269 1268 es

172 1310 256 1374 libro
277 1329 332 1374 ms.
353 1313 526 1393 repetitum
547 1329 617 1374 esse
638 1311 819 1387 statuimus,
847 1315 983 1373 attamen
1002 1328 1072 1372 eam
1093 1317 1269 1374 cummuta-

171 1420 292 1482 tionem
315 1439 409 1500 quum
429 1439 489 1502 par
510 1437 561 1497 se,
590 1427 656 1483 tum
682 1420 768 1502 quod
794 1421 827 1483 in
853 1419 1073 1502 superioribus
1093 1407 1270 1504 Ιἐμπόριον

174 1525 342 1607 aliquoties
371 1535 607 1608 praecesserat,
639 1511 948 1592 facillimam‘iuisse
976 1533 1118 1610 apparet.
1170 1521 1268 1606 Quod

172 1638 278 1696 sutem
300 1631 340 1696 ud
360 1633 501 1697 vocalem
522 1655 536 1698 ι
554 1637 587 1698 in
602 1635 766 1698 codicibus
785 1636 970 1716 saepissime
989 1635 1098 1698 elisam
1118 1641 1153 1696 et
1172 1651 1266 1696 serss

169 1742 241 1804 sice
271 1733 434 1817 additam(
459 1745 559 1806 instar
591 1745 728 1808 omnium
756 1744 919 1818 Strabonis
946 1743 1051 1806 locum
1081 1741 1182 1806 slieru
1211 1741 1267 1819 ΠΙ,

172 1869 205 1932 p.
228 1849 290 1912 lou
310 1843 371 1936 τήν
393 1842 432 1914 di
444 1849 620 1937 ἀφθονίαν
643 1853 714 1916 cciv
730 1843 1006 1941 ἐκκομιζομένων
1021 1849 1060 1914 ἑκ
1074 1850 1136 1935 τῆς
1155 1845 1265 1932 Τοιιρ-
1307 1871 1314 1888 ’

171 1955 328 2034 διτανιάς
348 1953 533 2042 ἐμφανίζει
562 1951 603 2023 τὸ
624 1951 770 2047 μέγεθος
791 1963 850 2023 καὶ
872 1950 914 2021 τὸ
932 1955 1067 2044 πλῆθος
1087 1957 1161 2021 τοῖν
1183 1977 1265 2022 ναν·

171 2057 343 2152 κληρίων,
372 2067 427 2129 ubi
456 2087 517 2150 pro
537 2071 663 2151 vulgato
686 2067 758 2131 scio
780 2059 985 2152 ναυκλήρων
1005 2087 1076 2130 cum
1096 2066 1266 2132 codicibus

170 2172 303 2236 cuano.
331 2174 401 2239 Vei.
429 2195 456 2236 s.
477 2177 507 2237 b.
536 2173 650 2240 Venet.
678 2176 748 2238 scio
777 2171 992 2262 ναυκληρίαν
1021 2174 1264 2238 rescribentium
1361 2249 1362 2254 γ

171 2297 241 2342 esse
262 2279 461 2346 casaubonus
492 2291 525 2345 ct
545 2284 688 2365 europus
715 2288 806 2346 recte
836 2284 980 2348 statuisse
1005 2283 1084 2346 mibi
1104 2283 1263 2362 videntur,
1361 2313 1362 2326 ν

171 2383 273 2450 donec
293 2389 389 2451 alicui
404 2382 540 2452 ‘libuerit
561 2390 696 2466 docere,
724 2382 917 2478 ναύκληρος
936 2390 988 2452 rel
1007 2382 1202 2478 ναύκληρον
1225 2409 1265 2452 cs

171 2491 401 2574 significatione
416 2513 497 2576 quse
518 2515 557 2558 eo
577 2497 649 2559 loco
668 2496 868 2560 desideratur
888 2503 1070 2578 usurpatum
1091 2513 1173 2558 esse.
1199 2497 1262 2560 Ge·

170 2605 274 2663 terum
295 2621 358 2664 nou
378 2604 601 2684 improbarem,
621 2607 649 2666 si
670 2607 740 2685 quis
760 2611 867 2668 nostro
888 2605 959 2666 ioco
981 2595 1044 2668 suiv
1065 2597 1262 2688 ἑμιτορικόν

168 2707 351 2771 rescribere
370 2711 403 2772 iu
424 2711 526 2773 animo
546 2710 696 2788 bsberet,
721 2713 816 2792 eique
836 2711 1074 2792 suppeditarem
1093 2713 1200 2776 locum
1221 2733 1261 2802 ⁰¹.

168 2816 296 2880 Arriani
324 2819 453 2899 periplo
481 2819 566 2900 apud
596 2819 733 2882 Gallium
761 2820 880 2900 Geogr.
913 2819 968 2881 (ir.
996 2821 1126 2882 mium
1152 2827 1177 2882 t.
1207 2821 1259 2897 111,

168 2941 202 3004 p.
221 2921 264 2984 b8
285 2915 407 3006 ἐπειδὴ
429 2916 468 2988 δὲ
489 2927 549 2990 καὶ
569 2917 634 2989 τὸν
649 2916 757 3014 ὅρμον
779 2923 883 3012 ἐχρῆν
904 2919 1051 3011 οίοφαλῆ
1072 2916 1161 2991 εἶναι
1181 2935 1260 3004 ταῖς

168 3029 271 3094 vacui
291 3030 349 3094 καὶ
372 3024 438 3095 ὅσα
461 3023 529 3110 ἔξω
551 3033 619 3097 τοῦ
640 3033 810 3119 φρουρίου
826 3038 1015 3116 κατῳκεῖτο
1034 3025 1106 3099 ὑπό
1127 3053 1171 3099 rs.
1185 3036 1259 3100 suiv
1359 3017 1360 3050 ³

167 3133 402 3228 πεπαυμένων
424 3148 483 3227 τῆς
505 3149 672 3227 στρατιᾶς
693 3140 751 3207 καί
772 3161 876 3206 τινων
898 3141 957 3206 καὶ
977 3135 1097 3207 ulios
1116 3138 1259 3232 ἑμπορι·

166 3246 241 3311 κοῖν
262 3239 468 3330 ἀνθρώπων
490 3237 610 3323 ἔδοξε,
641 3267 815 3328 quenquam
837 3249 963 3333 adjecto
983 3249 1029 3314 ibi
1050 3252 1176 3314 nomine
1198 3243 1259 3314 ἄν·

167 3355 315 3438 θρωπος
336 3373 388 3418 res
410 3356 600 3436 aliquantum
621 3363 768 3418 mutatur.
949 3401 956 3408 .

251 3452 392 3544 ἀγαθὴ
415 3453 461 3524 δὲ
483 3465 559 3526 καὶ
580 3456 831 3549 ἠθάλαοοα.
867 3465 1146 3547 comprobaverim
1160 3467 1259 3532 (isilil

165 3570 432 3646 observationem,
462 3571 558 3633 verba
585 3573 745 3653 exscripto
766 3570 1030 3654 praecedentibus
1052 3572 1072 3659 ἡ
1094 3563 1134 3636 di
1153 3565 1259 3659 χαίρα

164 3677 266 3740 πᾶοα
287 3674 406 3741 αὑτοῖν
429 3670 646 3759 'straticum
666 3699 705 3741 ex
726 3680 858 3743 adverso
879 3679 1033 3744 collocuta
1052 3700 1139 3744 marc
1157 3683 1257 3764 sigui-
1357 3719 1358 3726 ν

164 3787 264 3848 ficare
285 3786 370 3866 quud
391 3785 431 3848 ob
447 3788 562 3867 largum
579 3789 767 3869 piscaturam
783 3790 897 3851 bonnm
910 3791 1100 3870 appelletur.
1141 3790 1257 3871 Neque

164 3892 259 3954 aliter
286 3893 428 3955 Maurius
462 3895 616 3974 explicuit
645 3895 685 3956 ud
723 3897 847 3975 cupium
884 3897 1024 3976 piscium.
1046 3898 1257 3979 inprimisque

165 4005 342 4064 ostreorum
373 3995 533 4073 referens,
566 3999 607 4061 de
635 4000 748 4081 quibus
775 4001 913 4064 facetum
942 4001 1096 4064 liromeue
1121 4005 1256 4084 psrmiti

146 4111 350 4186 *responsum
378 4105 463 4187 apud
493 4106 687 4170 Athenaeum
709 4109 730 4170 i.
751 4109 812 4186 IV,
844 4108 1167 4191 p.182‚u.esstst;
1197 4113 1253 4192 qui
1356 4141 1357 4156 2

166 4231 261 4292 quum
281 4214 493 4298 interrogatus
514 4221 598 4278 esset
626 4208 778 4300 πότερον
801 4214 838 4283 ἑν
858 4208 954 4281 ἄστει
976 4220 1104 4300 γίνεται
1125 4215 1253 4292 βελτίω
