2720 4722
179 473 370 562 chirurgici's
389 483 674 564 atquepsacteses
695 479 825 549 dubium
844 487 911 562 cst,
947 485 1054 551 ulcus
1068 502 1165 566 quac
1188 483 1275 552 ntae

178 586 297 674 legitur
325 588 413 652 notio
441 587 640 660 dicaearcus
669 609 709 656 su
737 590 898 656 Thebanis
927 593 1038 674 potios
1063 593 1277 677 adjudicanda

114 751 115 756 ,
140 751 145 764 ,
178 695 239 774 sit,
259 695 404 776 inprimis
425 713 520 778 quum
540 697 702 762 referatur
721 691 883 762 καλεῖται
903 689 974 764 o'scd
996 697 1069 764 esais
1082 697 1276 786 ἐγχωρίων.

179 799 364 888 ἀφορίζειν
385 809 496 868 ‘autem
525 807 653 868 minime
672 806 866 890 crediderim
887 809 1084 872 mendonis
1098 827 1194 874 sensu
1214 811 1276 874 sub

177 909 272 998 tinem
292 913 393 977 nostri
413 913 583 996 fragmenti
602 916 784 978 necessario
803 915 1079 998 interpretandum
1101 935 1183 994 esse,
1203 919 1277 996 sed,

104 1104 111 1118 f
177 1025 215 1084 ut
234 1021 325 1084 verbi
344 1021 391 1084 vis
412 1027 577 1114 eluaturs
597 1023 713 1103 exigit,
748 1021 931 1086 deliniendi.
980 1024 1093 1104 Neque
1122 1025 1276 1104 equidem

179 1124 368 1215 διατρὲχειν
390 1131 568 1220 putaverim
588 1129 674 1194 idem
695 1129 875 1210 essequod
902 1149 1088 1205 occurrere,
1124 1131 1181 1198 aad
1211 1133 1276 1196 da's-

136 1283 139 1289 ,
178 1257 311 1304 οιιπεεο
331 1239 439 1320 potius
458 1238 638 1321 significare
659 1239 682 1302 i.
697 1257 726 1302 e.
746 1237 797 1300 bis
817 1237 883 1300 illis
900 1237 991 1314 locis,
1011 1241 1127 1320 passim
1148 1239 1276 1303 obuiam

178 1365 267 1432 esse,
302 1364 476 1430 quanquam
503 1366 563 1430 per
582 1366 619 1410 se
639 1350 730 1429 patet
749 1346 783 1410 iu
804 1345 954 1412 currendi
973 1345 1104 1411 untione
1123 1365 1186 1412 nou
1202 1348 1275 1430 jam

178 1457 310 1523 multum
330 1456 480 1520 momenti
500 1453 720 1518 collocandum
739 1471 820 1517 esse.

260 1550 397 1651 πάσης
418 1551 535 1640 ἄξιοι
550 1554 706 1647 φιλίας.
736 1561 915 1644 Stephanus
928 1561 1274 1630 exeodlclbualectis-

177 1689 251 1736 uem
272 1665 456 1756 ἄοιφολίας
485 1671 646 1749 exhibuit,
678 1670 812 1754 ejusque
838 1671 911 1734 loco
938 1663 1155 1754 οἰλλοφολίοις
1175 1671 1275 1734 resti·

137 1835 139 1844 .
177 1780 327 1844 tuendum
348 1797 419 1849 ease
439 1779 561 1842 censuit
583 1797 758 1858 quanquam
779 1776 957 1858 quomodo
978 1795 1016 1842 ea
1041 1779 1202 1842 correctio
1223 1780 1289 1845 in·v

177 1867 385 1970 terpretanda
405 1893 490 1950 emat
514 1885 639 1950 silentio
660 1887 787 1977 penitus
805 1886 1073 1966 praetermittens.
1114 1883 1275 1961 Credide-

177 1999 239 2059 rim
261 1995 409 2076 equidem
431 1995 645 2058 doctissimum
665 1997 767 2058 virum
787 2011 827 2056 eo
848 2013 941 2058 sensu
955 1995 1170 2077 conjecturam
1183 2013 1275 2058 auam

136 2169 138 2172 ,
177 2103 380 2180 intellexisse,
400 2107 447 2180 ut,
471 2102 526 2182 qui
547 2101 769 2164 Thebanorum
788 2100 851 2162 boc
872 2101 944 2164 loco
963 2101 1058 2165 laude
1079 2101 1275 2178 afficiuntur,

177 2209 423 2294 peregrinorum
452 2225 558 2286 neque
587 2225 664 2268 vero
685 2207 908 2270 Thebanorum
938 2207 1046 2270 indole
1076 2213 1110 2270 et
1129 2209 1275 2272 moribus

176 2315 316 2400 praediti
337 2332 408 2376 esse
428 2313 692 2396 significarentur.
738 2312 938 2378 Posteriores
966 2313 1107 2382 editores
1127 2321 1163 2378 ut
1183 2315 1275 2380 Hoc·
1351 2335 1352 2343 ¹

177 2421 333 2500 schelius,
354 2421 538 2497 Hudsouus,
559 2419 766 2498 Holsteuius,·
778 2421 922 2486 Mansius
943 2426 977 2484 et
995 2422 1136 2486 Murrius
1156 2411 1275 2511 ποῖσιγς

148 2575 149 2582 .
178 2518 276 2608 ἄξιοι
308 2520 426 2614 φιλίας
457 2547 518 2592 ceu
547 2529 716 2612 gequnum
753 2528 955 2610 protulerunt
984 2548 1090 2612 neque
1120 2528 1274 2610 equidem
1350 2565 1351 2589 ι

179 2637 388 2703 dubitaverim
416 2637 492 2716 quin
524 2656 562 2701 ea
591 2635 770 2700 emendatio
797 2642 831 2698 et
859 2641 990 2711 esterna
1016 2643 1051 2699 ct
1069 2638 1195 2700 iuturus
1215 2656 1276 2702 sus

177 2746 301 2808 ratione
320 2763 462 2826 magnam
481 2745 551 2806 veri
572 2744 714 2826 specium
732 2744 856 2808 habeat.
905 2743 1071 2808 (ielidouio
1096 2745 1203 2810 locum
1225 2752 1276 2810 ts·
1349 2823 1350 2826 γ

177 2853 240 2916 lem
262 2852 464 2916 scribendum
483 2854 667 2934 proposuit:
688 2884 729 2900 -
750 2845 786 2916 dv
807 2848 929 2926 αὐτοῖς
949 2841 1193 2939 μεγαλόψυχοι
1208 2855 1275 2916 καὶ

178 2947 363 3042 ἀξιόλογοι
383 2949 500 3048 nelops
521 2953 703 3043 άειφιλίας,
728 2959 775 3022 ita
793 2965 830 3022 ut
848 2959 945 3022 verba
965 2961 998 3024 in
1018 2959 1128 3036 sudem
1149 2962 1274 3042 aliqua·
1348 3015 1349 3040 2

176 3067 269 3134 tenus
300 3069 455 3130 diversam
484 3071 708 3148 transponeret
738 3071 834 3146 atquc
864 3059 1039 3150 ἀειφιλίοι,
1074 3070 1216 3150 quamvis
1237 3069 1274 3132 id
1348 3055 1349 3077 ¹

177 3178 281 3258 ipsum
300 3177 493 3258 scriptorum
514 3171 715 3236 classicorum
743 3174 923 3238 testimonio
952 3174 1084 3240 defendi
1110 3196 1175 3240 uou
1195 3195 1275 3258 pos·

177 3290 248 3362 aet„
281 3283 420 3366 analogia
456 3287 561 3345 tamen
591 3281 766 3344 nominibus
797 3275 980 3364 crepantia
1011 3283 1053 3346 cf.
1085 3277 1275 3368 άειφογία,
1347 3299 1348 3321 l

178 3385 339 3473 cisaloyia
360 3409 389 3454 κ.
412 3409 441 3454 ι.
461 3387 492 3454 λ.
523 3389 761 3470 comprobatum
789 3406 860 3452 esee
890 3391 1094 3454 existimarat.
1136 3393 1275 3456 Praeter

178 3499 239 3560 alia
265 3499 419 3561 confiteor
434 3477 485 3560 ⁸ea
512 3498 545 3560 in
568 3496 884 3577 emendatioue'mibi
904 3517 965 3561 non
987 3500 1062 3562 sutis
1082 3499 1209 3578 liquere
1229 3498 1274 3564 dc
1346 3521 1347 3567 i

177 3607 301 3668 ratione
322 3599 437 3690 πάσιγς
458 3597 629 3690 despolior
650 3605 781 3686 genitivi
800 3607 1002 3696 grammatice
1024 3605 1206 3704 supplendi.

261 3705 471 3800 μεγέθεσι.
509 3703 660 3798 μέγεθος
689 3715 723 3776 in
751 3713 867 3794 plurali
892 3715 1040 3796 usurpari
1059 3715 1204 3796 potuisse
1223 3715 1275 3776 vi-
1345 3739 1346 3811 γ

179 3821 284 3898 detur,
304 3821 331 3882 si
352 3809 415 3882 aut
428 3819 469 3881 de
488 3821 671 3884 sublimibus
692 3820 734 3882 cf.
755 3821 885 3904 Longin.
908 3821 948 3882 de
968 3819 1109 3898 subill,
1123 3822 1153 3884 1.
1172 3820 1228 3898 88,
1241 3820 1276 3882 Ξ.

177 3927 307 3992 Lobeck
329 3927 370 3990 de
391 3928 470 3990 subl.
498 3934 579 4008 trag.
601 3928 657 3990 Gr.
678 3928 706 4006 1,
730 3948 762 4009 p.
784 3928 826 3990 lu
854 3933 908 3990 ant
935 3927 976 3992 de
1003 3927 1274 4010 magnitudinibus

178 4038 213 4099 in
232 4057 269 4098 rc
296 4035 515 4100 mathematica
544 4034 585 4112 cf,
606 4035 683 4098 Plat.
705 4035 830 4112 Phorco,
857 4055 889 4116 p.
909 4035 961 4098 41.
983 4055 1012 4098 c.
1040 4032 1079 4100 s‘v
1100 4025 1166 4122 μὲν
1189 4029 1273 4121 ὄψει

179 4134 222 4208 τὸ
243 4137 433 4229 πόρ’ῥωθεν
453 4139 511 4206 καὶ
532 4129 673 4224 ἐγγύθεν
694 4136 782 4226 oppio
804 4129 849 4204 soi
870 4130 996 4230 μεγέθη
1017 4135 1080 4232 τὴν
1101 4128 1275 4230 ἀλήθέῖᾶν
1343 4173 1344 4192 ι

181 4248 342 4338 ἀφανίζει
363 4253 489 4349 Protag.
508 4250 580 4314 ouo.
602 4269 632 4318 o.
657 4247 824 4334 φαίνεται
843 4244 920 4336 ὑμῖν
942 4249 984 4338 τῇ
1005 4240 1087 4338 ὄψει
1108 4241 1154 4314 tsi
1176 4235 1282 4331 αὑτοῖ,

1339 4585 1342 4691 l
