2728 4720
480 300 850 378 *487*-

4 537 25 552 ,
112 495 247 558 randum
283 511 355 556 esre
379 497 471 556 recte
499 493 741 556 intellexerunt=
778 493 918 574 alioquin
949 495 1032 557 eninr
1060 513 1122 567 non
1150 503 1214 560 tom

116 592 236 686 στενή,
260 620 352 682 qnam
373 588 492 684 μακροί
512 602 638 684 potius,
668 620 707 665 er
728 601 853 682 volgata
880 600 990 664 saltem
1013 601 1142 664 dicendi
1162 623 1213 666 ra·

112 711 212 784 tione,
234 707 462 789 proterendum
482 708 606 773 inisset.
649 695 737 788 ὕψος
766 703 800 768 δ’
823 698 954 787 ἔχουσα
983 713 1086 770 antem
1108 728 1214 772 remc-

112 817 230 878 tiorem
258 814 508 892 habet'sedem‚
536 815 680 896 inprimis
709 815 865 895 porticula
887 809 926 876 δέ
947 815 1151 896 interpositas
1181 823 1215 878 et

112 921 189 986 talis
209 927 398 1004 praetereo,
428 923 528 1002 qualis
558 941 597 984 eo
624 921 717 986 modo
740 921 953 1003 proderetur,
984 921 1116 984 altitudo
1139 943 1215 1003 per-

113 1049 208 1108 quam
228 1031 309 1092 mira
331 1035 478 1092 exstaret.
520 1029 632 1092 Restat
653 1031 761 1110 igitur,
782 1035 818 1090 ut
838 1029 877 1090 ad
897 1019 1011 1116 Ἰθάκη
1033 1031 1213 1110 appositum

113 1155 187 1200 eom
206 1139 380 1218 genitivum
410 1139 532 1200 numeri
560 1139 732 1218 genitivum
753 1135 941 1212 habeamus3
968 1136 1026 1199 sed
1047 1138 1211 1218 inquiren·

56 1313 60 1318 ,
115 1245 190 1308 dum
213 1245 316 1308 adhuc
340 1253 388 1309 cst
402 1252 506 1308 utram
529 1245 569 1308 de
584 1246 650 1308 sols
671 1247 739 1328 ejas
760 1245 879 1308 insulae
893 1245 1091 1328 longitudine
1112 1265 1151 1308 an
1172 1245 1214 1310 de

114 1355 200 1419 omni
222 1355 292 1435 ejus
313 1355 430 1416 ambitu
451 1353 689 1434 intelligendum
711 1355 761 1414 sit.
804 1354 850 1414 lle
872 1355 989 1416 ambitu
1010 1360 1099 1416 recte
1114 1355 1213 1416 inter·

113 1468 260 1541 prelatus
280 1481 350 1524 esse
373 1461 498 1524 videtur
514 1461 645 1538 Gallius,
666 1461 820 1522 Strabone
841 1462 934 1522 aliato
949 1467 1031 1542 teste
1044 1462 1084 1538 X,
1104 1481 1137 1541 p.
1151 1460 1214 1524 455

114 1559 240 1644 κύκλος
270 1559 309 1630 δὲ
340 1574 399 1656 τῆς
429 1559 564 1654 Ἰθάκης
596 1566 688 1632 ἐστὶν
719 1563 767 1642 ὠς
797 1561 1015 1652 όγδοιᾷκοντα
1047 1565 1210 1644 σταδίων,

113 1695 220 1756 neque
250 1679 344 1740 aliter
364 1661 568 1740 Buttmannus
590 1679 734 1740 Gnosium
756 1679 880 1739 llellad.
902 1678 941 1753 11,
966 1677 1001 1752 2,
1023 1697 1057 1758 p.
1078 1677 1141 1739 374
1167 1677 1212 1738 al·

112 1783 234 1864 legens.
284 1785 460 1846 Palmerius
489 1793 591 1868 antem
621 1759 815 1866 sungraphes
844 1779 1006 1846 ductorem
1029 1783 1069 1844 de
1090 1783 1211 1846 insulae

112 1892 329 1954 tautummodo
358 1893 556 1974 longitudine
586 1894 742 1974 cogitasse
769 1894 894 1967 statuit,
920 1891 1107 1954 Strabonem
1134 1909 1212 1954 vero

88 1988 169 2060 'out
198 2009 337 2064 nostrum
368 1999 449 2062 falso
476 1993 666 2062 intellexisse
696 2006 750 2062 aut
776 2000 860 2080 apud
890 2019 961 2060 eum
993 1999 1064 2060 loco
1085 1998 1212 2060 laudato

112 2127 176 2188 pro
197 2099 321 2196 κύκλος
342 2108 466 2188 volgata
485 2109 596 2194 μῆκος
617 2106 856 2170 rescribendum
881 2125 950 2168 esse
973 2077 1105 2168 censuit.
1147 2105 1212 2166 Sed

114 2233 292 2294 quanquam
322 2222 491 2296 praeterea
513 2215 690 2276 llodwellus
717 2216 842 2276 ltinerr.
863 2213 896 2290 l,
926 2235 961 2295 p.
980 2213 1032 2276 84.
1063 2193 1212 2274 ambitum

112 2322 241 2400 Ithacae
263 2324 362 2384 molto
384 2325 569 2404 ampliorem
590 2323 688 2388 fuisse
704 2324 831 2384 adnotat
854 2343 944 2402 quam
961 2323 1083 2403 qualem
1098 2323 1212 2384 Strabo

114 2429 277 2492 definierit
298 2449 430 2508 ermque
459 2431 491 2490 in
513 2449 581 2490 rem
603 2429 696 2492 Plinii
720 2449 845 2510 quoque
868 2431 1079 2492 testimoninm
1100 2431 1212 2510 viginti

113 2539 212 2604 millia
235 2557 382 2618 passuum
404 2537 572 2598 indicantis
595 2537 703 2612 affert,
733 2546 870 2598 nostram
900 2543 1003 2598 temen
1025 2537 1210 2616 explicatio·

115 2666 189 2710 nem
210 2647 374 2710 Strabonis
396 2647 540 2725 inprimis
567 2647 659 2724 quern
681 2665 767 2707 auam
788 2647 930 2706 notitiem
951 2653 1059 2711 nostro
1081 2665 1120 2708 ex
1141 2647 1212 2708 loco

112 2758 284 2837 repetiisse
313 2755 391 2816 milri
421 2754 556 2815 nondum
580 2754 758 2836 persuadeo
781 2739 974 2816 cunctoritste'
990 2761 1085 2816 teneo
1107 2761 1155 2830 et,
1183 2755 1210 2816 si

113 2871 224 2928 noster
252 2884 290 2926 ea
310 2866 343 2926 in
364 2883 400 2924 re
421 2882 534 2924 revera
565 2869 744 2941 peccasset,
773 2862 851 2924 nihil
872 2865 962 2940 miri,
992 2883 1053 2943 qna
1082 2863 1209 2942 quidem

113 2974 238 3040 incuria
258 2979 322 3049 cst,
352 2971 500 3050 equidem
529 2972 757 3050 conspicerem.
800 2971 913 3050 Neque
940 2977 1043 3032 tamen
1066 2976 1211 3051 proeter-

118 3081 240 3144 eoudus
271 3083 364 3162 plane
392 3087 440 3142 est
469 3079 687 3142 Artemidorus
716 3080 945 3159 longitudinem
973 3079 1099 3142 ithacae
1122 3087 1212 3142 octo-

115 3193 205 3273 ginta
221 3191 359 3271 quinque
374 3188 546 3252 studiorum
569 3206 638 3248 esse
653 3188 737 3267 apud
752 3189 909 3269 Porphyr.
925 3189 965 3250 de
980 3189 1058 3248 e'ntr.
1073 3189 1210 3268 Nympln

115 3319 148 3380 p.
171 3275 522 3380 ι114ιιιοιοιίεριμιειιι
543 3296 646 3356 locum
668 3275 843 3375 respiciens
865 3297 1047 3358 Mannertus
1069 3301 1208 3358 nostrum

115 3395 261 3488 politum,
280 3402 384 3488 ¹cujus
404 3407 500 3468 verbe
520 3405 629 3466 itidem
653 3404 691 3465 de
713 3405 910 3484 longitudine
932 3406 1086 3484 explicat,
1117 3408 1212 3468 metri

113 3535 208 3578 cuasa
225 3517 377 3594 ,quinque
405 3514 505 3576 stadia
535 3515 674 3576 omisisse
706 3515 823 3574 statuit.
874 3513 937 3584 Sed
965 3520 1002 3574 ut
1028 3514 1129 3574 tribus
1158 3513 1208 3574 luis

113 3624 194 3686 locis
224 3625 264 3686 de
293 3623 489 3704 longitudine
519 3624 747 3701 cogitaremus,
774 3620 854 3682 illud
883 3623 999 3703 conjici
1031 3639 1092 3684 non
1123 3621 1210 3682 ioret

51 3767 55 3772 -
113 3746 263 3807 necesse,
295 3749 389 3812 qaum
418 3731 450 3792 in
479 3729 592 3792 talibus
622 3729 904 3808 computationibus
936 3728 1065 3790 rotundi
1086 3729 1209 3790 numeri

114 3839 364 3902 accuratioribus
395 3837 578 3928 ¹saepissime
599 3835 821 3916 praeferuntur
850 3843 883 3898 et
906 3837 1018 3898 Strabo
1040 3837 1110 3916 ipse
1132 3837 1208 3897 satis

114 3950 208 4006 canto
222 3964 284 4006 non
306 3937 528 4030 ὀγδοήκοντα
552 3940 714 4012 σταδίων,
735 3943 791 4004 sed
816 3939 863 4014 ὠς
886 3935 1103 4027 ὁγδοήκοντα
1127 3957 1204 4003 στα-

11 4042 14 4047 ’
115 4048 201 4114 δίων
232 4051 317 4114 dicet
348 4051 389 4112 ci.
411 4051 587 4114 Tasclruok.
611 4050 651 4110 ad
673 4050 747 4144 Mel.
769 4051 901 4130 Exeget.
922 4058 986 4112 not.
1008 4051 1051 4124 11,
1084 4068 1113 4128 p.
1135 4047 1206 4110 725.

115 4154 256 4247 στενή,
289 4159 613 4240 quanquam‚.idq,ue
648 4161 792 4237 inprimis
820 4178 857 4220 ex
886 4159 1009 4220 Graeco
1047 4158 1206 4237 cogitandi
1249 4199 1253 4206 -
1362 4169 1363 4178 ¹

68 4271 69 4274 ’
114 4267 221 4348 modo‚'
242 4286 304 4332 non
318 4259 413 4352 plane
426 4259 638 4334 necessarium
652 4267 723 4345 fuit,
744 4266 982 4350 perspicuitatis
996 4271 1100 4330 tomen
1114 4283 1208 4330 cansa
