2728 4720
460 320 955 426 *469έ··’

99 517 293 582 universo
313 515 483 580 collocatis.
525 512 675 579 ceteruln
696 522 804 580 nostro
825 517 987 598 scriptore
1011 520 1189 582 accurstlor

99 627 253 706 Scymnua
274 625 372 687 (illius
394 631 462 698 ast,
493 626 547 704 qui
577 643 632 687 eos
653 632 798 689 auctores
828 626 940 706 quibus
970 627 1003 690 ln
1024 627 1111 690 orltis
1132 627 1187 692 sle·

97 735 274 814 scriptione
305 729 523 813 componenda
550 749 625 794 usus
646 739 694 794 est
720 750 852 796 averso
872 732 948 795 inrle
968 734 1030 794 110
1049 736 1188 796 nomina-

96 823 353 916 tim'recs‘cnsult‚
382 858 556 921 quanquam
582 859 653 904 eum
673 840 777 904 iocum
804 840 909 922 eliqua
930 860 969 904 ex
989 839 1083 924 parte
1103 863 1189 908 nsan-

96 955 176 1018 oulu,
192 946 232 1008 asl
252 965 309 1010 nos
329 947 514 1038 pervenisse
534 966 730 1031 magnopere
752 948 922 1012 dolendum
943 955 1000 1012 est.

181 1071 225 1116 τι.
247 1053 296 1114 11.
339 1042 444 1137 ὅπερ
475 1050 590 1117 ἐστὶν
616 1052 773 1130 ἱκανῶς
802 1047 982 1141 δύναμιν
1004 1046 1187 1138 ἰσχυρὰν

96 1149 207 1238 ἔχον.
248 1159 417 1222 llurlsonus
437 1166 593 1224 vertersts
613 1153 674 1236 „ii
690 1159 775 1242 quod
796 1165 872 1223 satis
892 1182 1031 1243 magnam
1053 1163 1190 1242 requirit

94 1265 309 1344 facultatem“‚
322 1267 487 1330 Gelidoulo
508 1269 554 1330 lta
575 1268 652 1346 „clo
667 1269 729 1330 clre
750 1270 769 1332 0
790 1288 884 1332 avere
905 1269 1190 1334 sufficientemente

95 1375 219 1458 pande
239 1378 392 1438 scienac.“
423 1376 564 1438 lllcrxius
583 1378 664 1440 mira
693 1379 816 1442 ratione
835 1395 960 1440 versum
986 1379 1128 1459 spurium
1156 1385 1190 1441 et
1296 1469 1299 1474 Δ

95 1484 194 1545 verbs
224 1471 312 1568 ὅπερ
343 1481 433 1549 ἐστὶν
460 1471 608 1572 δύναμιν
628 1475 772 1570 ἰσχυρὰν
794 1477 875 1568 ἔχον
896 1486 1040 1548 vocabuli
1061 1484 1191 1562 ἱκανῶς
1253 1521 1256 1528 .

95 1590 252 1673 glossema
270 1609 354 1654 ,esse
384 1593 524 1670 censuit,
551 1612 644 1673 quem
672 1600 783 1656 contra
809 1595 990 1675 opinionem
1011 1593 1188 1658 Schuchius

94 1699 212 1760 marito
233 1699 394 1762 disseruit.
436 1699 579 1762 Omnium
600 1701 777 1764 rectissime
790 1701 992 1764 Buttmannns
1013 1701 1097 1764 hunc
1118 1719 1190 1762 rer·

95 1822 167 1868 sum
194 1805 376 1882 illustravit,
405 1825 580 1886 qumquem
609 1808 641 1870 in
670 1823 709 1868 eo
739 1808 885 1888 peccavit
916 1805 1001 1887 qnosl
1031 1795 1118 1887 ὅπερ
1147 1803 1188 1866 sol

97 1918 272 1990 στοιχεῖον
299 1931 359 1974 nec
385 1930 477 1989 vero,
503 1921 538 1975 ut
564 1914 637 1976 fleri
666 1913 812 1976 debuisse
840 1913 977 1976 dubitari
1005 1913 1188 1995 pisnelnon
1238 1935 1244 1964 ι

94 2025 213 2102 potest,
234 2020 274 2082 acl
295 2023 479 2102 sententiam
500 2019 649 2107 ρ’ρθῆναι
670 2011 849 2110 ἐμμέτρως
870 2017 907 2084 ἐν
928 2019 1054 2105 βραχεῖ
1071 2012 1188 2101 χρόνῳ

96 2130 244 2209 proxime
270 2128 515 2210 praecellentem
542 2130 660 2192 retulit.
715 2129 822 2194 Verba
847 2131 929 2192 enim
957 2130 1059 2192 nostri
1079 2145 1188 2190 versus

98 2233 139 2296 cd
168 2255 311 2317 magnum
342 2235 570 2319 adjumentum,
600 2235 683 2317 quod
706 2238 856 2299 memorie
877 2255 916 2300 ex
936 2238 1069 2298 metrica
1088 2235 1191 2296 forms

97 2345 220 2423 capiat,
251 2349 398 2425 spectare
418 2345 487 2424 sibi
500 2344 692 2424 persuadens
722 2345 843 2428 singulo
865 2362 991 2425 quoque
1012 2344 1076 2405 loci
1097 2361 1188 2404 voca-

95 2450 172 2513 bula
192 2452 312 2532 optime
333 2451 485 2531 explicuit
506 2458 539 2512 et
559 2451 599 2512 ad
619 2445 769 2536 δύναμιν
790 2471 882 2514 sensu
903 2453 1061 2525 momenti,
1080 2452 1188 2532 groci-

96 2561 172 2622 tuiia
192 2567 375 2640 usurpatum
396 2561 533 2622 Ariston.
560 2557 639 2647 οἱρμ.
661 2576 768 2642 στοιχ.
794 2580 827 2640 p.
849 2561 878 2620 1.
900 2552 1051 2641 ἔχουσάν
1072 2575 1110 2618 τι
1131 2547 1188 2618 ot-

98 2687 201 2754 ναμιν
231 2660 444 2752 στοιχειώδη.
482 2687 514 2747 p.
537 2667 587 2730 10.
617 2661 779 2752 τοιαύτην
807 2657 889 2748 ἕχον
912 2660 1076 2746 δύναμιν,
1109 2663 1188 2726 οἵαν

97 2765 207 2861 αὐτὴν
233 2765 500 2858 ἀναιρουμένων
529 2771 685 2854 ἀναιρεῖν
709 2765 749 2838 τὸ
771 2761 1008 2860 ἡρμοσμένον,
1034 2772 1075 2834 acl
1097 2769 1187 2854 ἰσχν-

97 2872 180 2965 ρός,
216 2883 300 2963 quod
328 2902 398 2944 cum
425 2875 494 2964 ἔχω
528 2883 693 2945 collocavit
721 2889 755 2946 et
780 2902 851 2944 oum
878 2882 993 2942 nostris
1022 2880 1186 2960 belleni,

98 2985 252 3066 bciiccb
284 2991 492 3072 comparavit,
527 2991 604 3052 Plut.
635 2991 767 3054 Theaet.
801 3007 832 3070 p.
861 2987 931 3050 154.
962 2977 1049 3064 ἔχεις
1078 2984 1185 3048 τοῦτο

99 3091 263 3178 ἰσχυρῶς.
319 3096 405 3156 llem.
440 3095 567 3177 Olynth.
596 3097 630 3158 B.
666 3117 697 3178 p.
713 3115 714 3118 ’
729 3095 780 3157 20.
813 3085 932 3175 ῶσπερ
962 3081 1028 3175 γὰρ
1066 3087 1187 3166 οἰκίας,

98 3191 210 3285 οἶμαι,
230 3201 289 3263 καί
308 3195 435 3264 πλοίου
458 3203 518 3264 καὶ
540 3201 612 3264 τῶν
633 3193 752 3266 ἄλλων
773 3193 845 3265 τῶν
868 3193 1039 3264 τοιούτων
1062 3187 1107 3258 τοὶ
1129 3189 1186 3260 κοί-

98 3309 215 3372 τωθον
237 3303 453 3392 ἰσχυρότατα
475 3299 644 3373 εἶναιδεῖ.
686 3310 731 3372 lcl.
753 3307 832 3395 περὶ
852 3331 881 3371 τ.
902 3326 961 3393 ιτρ.
974 3301 1043 3367 Ἀλ.
1066 3325 1097 3386 p.
1114 3305 1196 3366 104.

98 3406 166 3482 κᾶν
186 3415 257 3500 μέν
287 3436 318 3476 τι
347 3397 371 3500 ἦ
398 3404 487 3508 ττρός
515 3415 588 3478 τῶν
616 3412 755 3495 ἐχθρῶν
783 3407 873 3477 κατὰ
902 3413 962 3493 τῆς
987 3405 1186 3488 rotengio

98 3529 175 3597 τοῖς
204 3512 336 3602 ὅρκοις,
364 3521 470 3583 τοῦτο
500 3511 560 3607 μὲν
589 3510 728 3603 ἰσχυρὸν
757 3516 812 3582 ἀεὶ
838 3514 1069 3599 ποιήσονοιν,’
1093 3529 1126 3583 et
1146 3521 1186 3584 ai

97 3631 247 3714 ἱκανῶς,
278 3629 362 3708 qnod
385 3629 542 3708 qualitatis
563 3646 632 3688 esse
655 3627 749 3702 linit,
772 3645 866 3706 quum
889 3615 964 3700 ἅλις
985 3635 1068 3711 esset
1089 3645 1186 3709 quan·

98 3740 215 3813 titolis,
245 3743 279 3799 et
300 3736 385 3817 quod
406 3735 540 3797 eundem
567 3733 638 3796 fere
657 3753 781 3796 sensum
810 3715 963 3797 hocloco
984 3755 1054 3797 cum
1076 3737 1185 3798 adver·

97 3841 271 3916 ciclico,
301 3826 399 3928 μα’λα
426 3842 545 3903 habere
566 3841 778 3921 praedicavit,
809 3842 939 3902 Aristot.
967 3839 1042 3904 lion
1071 3841 1140 3902 Nic.
1161 3841 1186 3916 l,

98 3972 133 4034 p.
155 3951 246 4016 loeti.
272 3951 303 4012 1ι.
334 3939 388 4010 διὸ
419 3947 475 4010 δεῖ
499 3955 572 4021 τοῖς
604 3938 716 4010 ἔθεσιν
745 3930 850 4031 ἦχθαι
871 3941 990 4020 καλῶς
1018 3937 1079 4009 colo
1107 3949 1186 4029 περὶ

99 4054 224 4122 καλῶν
246 4055 305 4122 καὶ
326 4053 471 4119 δικαίων
492 4055 552 4118 καὶ
574 4042 666 4126 ὅλως
686 4051 757 4116 τῶν
778 4046 966 4117 πολιτικῶν
990 4041 1184 4135 α’κονοόμε-

99 4185 164 4230 νον
185 4162 324 4236 ἰκανῶς.
367 4183 398 4244 p.
420 4161 512 4225 1000.
532 4183 560 4224 a.
581 4159 637 4224 καὶ
659 4159 741 4244 περὶ
759 4150 822 4243 μὲν
843 4149 978 4224 τούτων
1001 4153 1093 4232 οῖλις·
1115 4155 1186 4220 ἰκα-

100 4271 171 4348 cuiq
192 4262 258 4355 γὰρ
288 4269 345 4336 καὶ
366 4267 404 4332 ἑν
425 4275 497 4346 τοίς
526 4263 712 4352 ἐγκυκλίοις
740 4257 871 4352 εἴρηται
899 4265 978 4350 περὶ
999 4261 1119 4330 αὐτῶν
1141 4269 1187 4328 ai-
