2720 4724
548 251 984 404 -rrs——u‘

188 465 314 588 reierre
334 502 464 562 conatus
485 467 554 560 esse
577 497 710 560 videtur.
753 470 993 594 d)vdlstantiam
1012 495 1097 558 luter
1115 477 1275 577 Pelopon·
1352 547 1353 554 t

181 626 297 670 nesum
323 611 357 667 et
387 607 545 668 columnas
574 605 681 668 decies
708 607 793 668 mille
822 605 993 667 stadiorum
1020 623 1089 666 esse
1116 602 1277 681 iudicavit,

51 791 58 795 q
188 723 281 796 qnam
302 717 341 778 ob
363 717 607 776 aestimationem
628 735 646 776 a
666 715 815 794 Polybio,
850 715 903 794 qui
930 733 997 775 eam
1013 715 1102 796 justo
1122 714 1276 774 minorem
1352 689 1353 766 J

112 828 114 832 ’
186 825 326 902 censuit,
353 825 565 905 reprehensus
586 829 643 885 est.
695 825 794 902 Quem
814 827 918 884 tamen
939 821 1052 884 Strabo
1067 817 1130 907 ¹²}
1145 823 1179 884 iu
1199 838 1277 882 cou-
1352 877 1353 912 3

186 933 314 993 trariam
336 939 459 1012 partem
481 933 663 1012 peccavisse
692 937 725 992 et
754 915 930 992 distantiam
958 931 1044 992 illam
1064 931 1278 992 nimiam'sta·
1352 963 1353 992 ι

186 1041 284 1101 tuisse
306 1041 473 1101 arbitratus
494 1045 564 1106 est.'
587 1035 629 1122 e)
645 1039 691 1099 De
706 1039 893 1120 regionibus
906 1039 1056 1120 Durop'ac
1077 1019 1276 1100 occidentem

186 1154 220 1208 et
240 1149 488 1228 septentrionem
508 1148 738 1227 spectantibus,
759 1165 798 1208 er
813 1147 938 1230 judicio
960 1147 1086 1227 quidem
1103 1145 1277 1224 Strabonis,
1352 1127 1353 1168 ³

185 1274 327 1336 magnam
348 1275 426 1336 prae
447 1275 481 1316 se
503 1256 576 1317 tulit
597 1257 818 1336 ignorantiam,
841 1275 932 1336 quam
952 1245 1054 1317 tamen
1074 1253 1277 1336 geographus
1352 1233 1353 1250 Χ

187 1383 226 1424 eo
249 1367 422 1440 excusavit,
460 1365 544 1444 quod
566 1365 635 1425 illas
655 1366 726 1444 ipse
748 1381 810 1425 non
831 1363 971 1429 vidisset.
1023 1362 1172 1425 ceterum
1193 1379 1276 1442 quae

185 1471 322 1552 Pytheas
345 1473 384 1532 de
406 1475 474 1535 istis
495 1474 646 1534 tractibus
667 1473 837 1550 retulerat,
866 1473 906 1534 iis
926 1471 1022 1534 iidem
1043 1470 1161 1534 habere
1183 1469 1277 1532 dubl·
1352 1445 1353 1512 ἶ

101 1557 109 1568 ’
185 1583 271 1642 tavit.
312 1575 350 1666 f)
372 1581 555 1658 Columnas,
591 1578 674 1644 sicut
693 1579 919 1644 Eratosthenes
948 1598 1075 1662 quoque
1102 1583 1215 1662 postea
1242 1581 1277 1642 et
1352 1587 1353 1656 ἶ

184 1690 352 1770 Polybius,
374 1692 458 1752 circa
478 1689 596 1752 fretum
617 1691 733 1771 posuit.
748 1684 799 1770 ¹³)

269 1799 303 1860 Si
324 1799 550 1873 Dicaearchum
569 1799 689 1860 tabulas
718 1797 948 1880 geographicas
968 1797 1182 1879 composuisse
1203 1813 1275 1858 cum

186 1905 290 1987 aliqua
310 1905 378 1968 veri
399 1909 508 1987 specie
525 1908 694 1988 ,suspicari
720 1907 810 1995 licet,
845 1907 878 1970 iu
905 1907 967 1968 hoc
995 1906 1192 1987 potissimum
1221 1921 1276 1966 eas
1352 1949 1353 1952 ,

186 2033 287 2095 opere
308 2022 471 2094 respectas
493 2020 526 2078 ct
547 2013 718 2094 explicatas
739 2013 837 2076 fuisse
858 2015 1034 2097 conjiciam.
1083 2013 1161 2076 Eam
1191 2013 1276 2073 enim
1352 2043 1353 2084 4

186 2123 416 2204 conjecturam,
456 2141 546 2202 quam
568 2121 744 2184 Dodnellus
772 2121 910 2200 dissert.¹
928 2121 969 2183 de
989 2121 1186 2198 Dicaearcho,
1202 2119 1233 2201 §.
1253 2119 1276 2181 d
1352 2145 1353 2148 ¹

187 2229 256 2291 eti
277 2231 421 2310 protulit,
443 2225 522 2310 quae
545 2232 719 2292 etiamnunc
742 2237 842 2292 exstat
863 2227 1064 2311 anagraphen
1087 2229 1173 2308 quasi
1189 2245 1275 2289 com-

186 2339 372 2398 mentarium
394 2339 427 2398 in
447 2339 515 2419 illas
536 2339 723 2400 Dicaearchi
744 2339 864 2399 tabulas
896 2337 1058 2418 effecisse,
1087 2337 1154 2419 jam
1182 2353 1274 2398 nemo

187 2445 543 2526 approbabitistudque
565 2449 667 2528 ipsum
688 2447 779 2508 titulo
802 2427 1012 2532 droppaoijg
1033 2441 1093 2518 τῆς
1107 2433 1276 2520 Ἑλλάδος

8 2587 15 2598 ·
95 2625 98 2638 ,
154 2551 382 2634 'designatum
411 2552 621 2634 fragmentum
657 2574 716 2634 pro
744 2553 827 2615 nulla
856 2555 916 2616 alla
943 2573 980 2614 re
1014 2550 1275 2628 considerabitur,

188 2678 278 2739 quam
300 2679 360 2740 pro
383 2661 510 2742 poetico
532 2663 719 2741 posterioris
738 2663 894 2742 ,temporis
921 2661 991 2722 lusu
1018 2679 1119 2740 eoque
1139 2657 1275 2720 fortasse

185 2765 372 2828 Dicaearchi
393 2758 546 2851 περιόδῳ
569 2765 627 2853 γῆς
649 2775 759 2866 utpjotc
780 2767 981 2832 fundamento
1002 2768 1113 2829 innisa.
1129 2763 1177 2854 ¹⁴)
1220 2766 1275 2828 Di·
1352 2767 1353 2850 f

185 2875 373 2945 caearchum
394 2895 470 2938 vero
492 2877 611 2938 tabulas
639 2878 869 2958 geographicas
896 2875 1071 2940 coniecisse
1097 2893 1136 2936 ex
1157 2893 1196 2934 ea
1217 2893 1277 2954 po·
1352 2887 1353 2890 ’

184 2985 338 3071 tissimum
365 2986 486 3045 ratione
516 2985 715 3065 collegerim,
753 3004 814 3064 qua
842 2985 954 3046 Strabo
984 2983 1024 3045 de
1051 2981 1276 3064 geographicis

82 3079 85 3089 ’
186 3080 254 3174 ejus
276 3093 438 3153 sententiis
461 3092 739 3165 disseruit,·si'cut
760 3111 798 3152 ex
820 3093 1022 3173 Agathemeri
1046 3109 1171 3171 quoque
1191 3091 1277 3151 rela-

183 3201 282 3276 tione,
304 3220 366 3279 qua
386 3205 503 3261 terram
524 3219 584 3280 per
605 3201 717 3260 lineam
738 3201 770 3261 iu
792 3199 868 3260 duas
890 3197 1033 3260 dimidias
1055 3205 1174 3278 partes,
1196 3197 1277 3259 alte·

184 3327 250 3369 ram
272 3307 549 3388 septentrionalem
572 3308 763 3388 alteramque
785 3307 1031 3384 meridionalem,
1056 3307 1277 3387 descripserit

185 3415 279 3494 Apud
301 3409 484 3478 Strabonem
507 3417 650 3495 inprimis
672 3415 712 3475 de
734 3415 889 3476 distantiis
910 3417 941 3477 in
962 3415 1017 3476 illo
1036 3415 1278 3498 diaphragmate

120 3565 123 3580 ι,
184 3523 333 3584 indicatis
364 3526 468 3602 agitur
496 3524 607 3605 atque,
643 3543 818 3604 quanquam
847 3524 1071 3585 Dicaearchum
1101 3525 1138 3583 e'a
1167 3521 1208 3582 de
1236 3541 1278 3584 re

100 3704 105 3710 .
184 3622 432 3704 nonnisi'verbis
453 3631 635 3709 exposuisse
656 3648 760 3708 neque
781 3645 856 3691 vero
877 3631 1041 3710 regionum
1058 3627 1278 3707 respicienda·

183 3756 254 3798 rum
276 3737 513 3798 delineationem
537 3737 662 3799 dedisse
692 3741 834 3818 cogitare
863 3757 1044 3818 possumus,
1078 3736 1141 3797 hoc
1170 3741 1278 3798 tamen

52 3834 59 3856 ’
183 3848 256 3916 ¹veri
273 3847 381 3926 specie
403 3845 596 3926 aliquatenus
619 3847 801 3907 destitutum
823 3852 880 3906 est.
928 3843 1079 3920 Accedit,
1107 3841 1191 3923 quod
1213 3843 1277 3906 Po-

183 3951 261 4033 lybii
276 3937 384 4014 contra
399 3953 624 4015 Dicaearchum
646 3954 930 4036 argumentationes
948 3957 1013 4014 tum
1029 3951 1152 4014 demum
1167 3967 1278 4013 veram

184 4081 270 4122 suam
298 4063 358 4121 vim
389 4063 535 4141 accipere
566 4063 730 4138 videntur,
767 4081 859 4141 quum
888 4061 971 4122 huuc
999 4059 1170 4124 secuudum
1201 4077 1276 4121 suas

174 4169 434 4249 computationes
454 4176 560 4230 terrae
580 4169 746 4248 imaginem
768 4187 898 4248 eamque
920 4187 958 4228 ex
973 4167 1097 4248 Polybii
1118 4165 1278 4229 sententia

79 4267 84 4278 ‘
183 4275 376 4341 falsissimam
399 4277 602 4359 proposuisse
623 4277 803 4358 cogitamus.
837 4277 924 4356 Quae
946 4275 1120 4355 quanquam
1134 4272 1178 4338 ita
1191 4279 1278 4353 sunt,
