2720 4724
496 333 592 351 -···
643 297 706 376 9:3-
746 331 843 349 --

90 509 230 574 ⁴again,
266 491 394 557 omnino
423 493 543 558 sntticit
569 495 747 578 fragments
772 489 862 559 Bion
891 511 974 576 quse
1001 491 1115 558 relicta
1140 498 1214 560 sunt

36 632 41 641 ·
122 600 234 666 ordine
256 620 349 682 quern
366 602 437 684 jarn-
454 607 551 684 snpra
569 603 706 668 indicunt
727 603 887 666 exhihere.
1153 594 1155 603 ¹

202 708 225 770 1.
245 707 437 790 Fragmenta
450 703 552 788 Bion,
575 729 743 792 quaecum
763 713 853 773 certo
874 707 966 772 simui
987 707 1106 773 indicio
1126 705 1212 787 libri,

122 833 183 895 spuo
200 798 448 896 pertinuerunt,
468 818 693 898 proteruntur:
722 813 767 903 1)
789 838 828 882 ex
848 819 952 900 primo
972 819 1073 881 lihro:
1094 811 1136 904 a)
1157 815 1214 878 m-

119 924 310 1002 caearchus,
347 944 441 1005 quum
473 927 629 990 Homerus
663 924 876 1005 tantummodo
906 926 1038 1008 tripolin
1065 925 1213 996 Doricam

65 1099 67 1102 ,
117 1037 337 1110 memorasset,
358 1035 531 1114 tetrapoiin
545 1036 691 1098 Doricam
711 1037 829 1096 statuit.
843 1029 894 1116 ²⁰)
935 1029 981 1114 h)
999 1031 1213 1107 Dicaearchus

116 1138 234 1201 Ninum
254 1137 473 1222 cognominem
487 1141 553 1204 ,sihi
572 1141 684 1204 urbem
699 1141 833 1205 Niniven
847 1137 1009 1227 (Ninum)
1031 1138 1212 1202 condidisse

116 1246 272 1326 prodidit.
322 1249 473 1327 Quartum
495 1248 651 1312 decimum
672 1251 709 1312 ah
731 1250 793 1313 hoc
813 1237 939 1330 re'gern,
973 1249 1096 1310 nomine
1117 1244 1213 1308 chal·

117 1353 251 1444 dueum,
297 1355 534 1418 celeberrimam
569 1358 693 1446 urbem*
715 1357 905 1438 Babylonem
940 1355 980 1418 ad
1014 1354 1212 1434 Euphratem
1324 1372 1330 1384 ·

115 1462 240 1540 emisse
268 1465 303 1536 et
332 1481 458 1526 ornasse
488 1483 658 1544 omnesque
687 1482 765 1544 quos
796 1460 1135 1528 dicerentchaldacos
1165 1460 1211 1524 ihi

115 1571 367 1651 congregavisse.
417 1570 466 1639 Nc
486 1572 643 1633 minimam
666 1572 792 1654 quidem
811 1571 1002 1652 investigere
1024 1571 1114 1650 potui
1135 1587 1211 1631 cau·
1233 1620 1237 1628 .

10 1691 12 1698 ’
113 1694 197 1754 sam,
219 1696 281 1756 qno
300 1679 447 1740 commoti
470 1697 540 1739 cnm
560 1677 683 1740 Nceisio
705 1678 893 1754 dubitemus,
912 1696 985 1738 num
1006 1677 1085 1738 haec
1108 1679 1211 1740 omnia
1271 1689 1275 1702 “

10 1827 12 1830 -
114 1802 154 1846 ex
173 1783 370 1846 Dicaearcho
398 1786 538 1866 repetita
565 1786 637 1847 sint.
652 1783 703 1867 ²¹)
748 1779 789 1873 c)
811 1782 1034 1864 chronologica
1062 1783 1102 1846 de
1129 1791 1211 1846 tenr-

113 1909 196 1972 pore
218 1891 402 1972 expositio,
416 1911 478 1971 quo
499 1891 724 1970 sesonchosis,
752 1911 811 1954 rex
831 1891 990 1973 Aegypti,
1019 1885 1208 1978 vixerim)

9 2015 10 2022 ¹
113 1995 158 2084 2)
180 1999 374 2062 insecundo
394 1999 477 2062 iihro
497 1999 725 2078 Dicaearchus,
761 1998 795 2063 id
827 1999 914 2080 qnod¹
941 1997 981 2060 ad
1002 2000 1209 2070 rectissimam

110 2099 301 2172 sententium
328 2112 484 2190 pertinet,
526 2130 587 2191 qna
615 2111 769 2173 culturom
795 2109 949 2174 (draccum
964 2099 1014 2172 'ah
1041 2108 1208 2198 Aegyptiis

70 2240 75 2247 ·
112 2233 218 2295 neque
238 2233 338 2280 -vcrsu
364 2220 435 2280 ricc
464 2226 629 2303 receptam
658 2239 728 2282 esse
756 2219 928 2300 cogitamus
948 2216 990 2280 ci.
1012 2213 1049 2278 0.
1069 2216 1208 2308 Muciier

114 2323 263 2386 Orchom.
284 2330 318 2387 et
337 2325 434 2406 Micy.
456 2345 488 2408 p.
505 2326 551 2388 oa
567 2345 654 2408 squp,
674 2325 937 2390 Sesonchosidern
957 2325 1039 2386 vitae
1063 2311 1206 2388 Graecae

113 2431 270 2494 rationem
290 2431 438 2496 hahuisse
458 2440 492 2496 et
513 2454 531 2496 c
552 2435 685 2502 Graccis
704 2435 793 2514 leges
813 2434 981 2514 repetiisse
1001 2430 1130 2507 retulit,
1161 2431 1207 2492 ita

113 2537 260 2618 inprimis
279 2543 316 2600 nt
337 2540 470 2619 quisque
490 2542 591 2620 patris
609 2542 735 2622 negotia
748 2541 890 2602 retinere
905 2537 1049 2613 deberet,
1068 2543 1101 2599 et
1115 2537 1207 2618 equi·

111 2645 265 2718 ‚tstionem
285 2652 453 2725 praetereo
472 2646 639 2709 invenisse.
653 2640 704 2730 ²³)
745 2644 791 2731 8)
813 2627 856 2708 er
873 2647 970 2708 tertio
989 2645 1072 2708 lihro
1094 2645 1206 2706 Dicse-
1255 2652 1277 2704 ’.

8 2735 11 2746 ’
112 2749 204 2813 archi
222 2749 432 2832 fragmentum
452 2747 679 2840 superest,²⁴)
707 2772 775 2834 qno,
790 2748 976 2835 Phiiippus,
995 2750 1205 2845 Macedonum
1284 2767 1297 2841 J

109 2873 187 2934 rex,
219 2856 320 2920 nudos
349 2858 481 2940 pellices
501 2859 534 2921 in
554 2857 673 2921 helinm
694 2877 801 2921 secum
823 2856 962 2934 duxisse,
995 2856 1107 2918 Durius
1126 2872 1204 2917 vero

110 2981 184 3026 cum
204 2965 358 3028 trecentis
387 2965 611 3047 qninquaginto
636 2963 822 3027 mulieribus
847 2966 881 3027 in
906 2963 1040 3039 heltum,
1075 2963 1109 3024 in
1140 2979 1218 3042 quo,

110 3088 264 3136 summum
283 3087 390 3134 rerum
413 3071 581 3136 discrimen
601 3073 712 3152 snhiit,
739 3071 905 3155 proiectus
925 3087 995 3132 asse
1016 3061 1162 3131 traditur.
1266 3083 1268 3088 ·

161 3254 164 3259 .
194 3179 234 3244 11.
267 3173 357 3244 Bion
377 3179 571 3260 fragmenta,
590 3260 592 3264 .
608 3179 691 3242 lihro
714 3196 777 3257 quo
797 3177 1019 3256 pertinuerunt
1039 3195 1100 3238 non
1121 3175 1204 3240 indi·

110 3289 204 3365 csto,
233 3303 369 3367 qnorum
395 3283 534 3348 decede
553 3287 587 3348 in
608 3299 709 3368 opere
730 3285 805 3348 olim
825 3288 980 3366 occupatu
998 3283 1130 3345 muinrc
1149 3299 1204 3346 vs·
1338 3285 1349 3302 ”

109 3395 182 3458 riae
212 3393 414 3476 conjecturae
444 3392 516 3474 pari
543 3392 612 3454 veri
640 3390 844 3454 similitudine
873 3389 1016 3472 proicrri
1043 3381 1202 3472 poterunt.
1266 3381 1268 3386 ’

109 3499 167 3564 Es.
179 3503 285 3562 tsmen
308 3485 390 3582 quse
409 3500 514 3577 statim
535 3497 691 3562 exhihcho
711 3497 887 3580 ircgments
912 3497 965 3562 six
985 3497 1079 3560 aliurn
1097 3497 1202 3562 locum

109 3605 261 3672 huonisse
280 3605 473 3670 crediderim
494 3624 586 3686 quam
607 3623 695 3683 cnm,
730 3623 793 3686 quo
813 3605 1025 3672 dicaearchus
1053 3604 1094 3666 de
1121 3605 1203 3668 anti·

40 3733 45 3744 ’
111 3713 262 3794 quissiaco
283 3712 396 3795 popuii
416 3711 533 3776 (iraeci
557 3712 609 3775 set
636 3713 730 3774 etiam
757 3711 894 3774 universi
920 3708 1047 3792 generis
1073 3707 1202 3770 hnmani

109 3825 195 3884 statu
216 3819 417 3900 disseruerit,
436 3820 470 3882 in
490 3819 594 3900 primo
613 3819 713 3901 igitur
732 3823 769 3880 nt
787 3835 941 3900 perquam
960 3815 1125 3897 probahiie
1150 3819 1201 3878 cst

110 3921 204 3992 Bion
223 3927 317 3999 libro.
357 3927 429 3990 Huc
451 3933 554 3990 autem
574 3924 744 3989 referenda
765 3929 851 3988 aunt:
884 3915 926 4011 1)
949 3941 1029 4004 quae
1050 3923 1090 3983 de
1111 3921 1200 4000 felici
1264 3907 1266 3916 ¹

11 4022 14 4031 ¹
110 4035 398 4116 antiquissimorum
423 4035 582 4098 hominum
610 4033 791 4126 conditione
819 4032 948 4094 monuit.
962 4023 1013 4115 ²⁵)
1053 4021 1096 4116 2)
1119 4041 1200 4108 quac

111 4141 155 4206 dc
180 4143 309 4210 crotstis
336 4143 498 4224 exposuit,
528 4142 596 4224 jana
624 4147 721 4221 suprc
748 4139 908 4221 incapite
935 4142 1023 4198 sexto
1050 4133 1200 4224 exhibita.

110 4246 157 4335 8)
178 4267 261 4333 quse
279 4248 335 4315 de
360 4248 527 4334 Euripidis
553 4247 676 4318 Medea-
693 4244 849 4332 judicaris
876 4245 943 4328 J'sm
972 4242 1047 4308 sithi
1076 4241 1199 4326 prolata
1290 4341 1292 4348 y
1346 4327 1347 4334 ἵ
