2734 4718
537 360 631 372 --
683 310 903 385 4302-

178 509 274 572 menti
295 511 456 568 auctorem
476 506 660 567 instructum
680 525 750 568 ease
770 499 934 587 praedicat
947 509 1094 589 equidem
1108 531 1148 574 ne
1168 513 1272 576 volam

179 617 304 698 quidem
326 613 517 694 ihvestigara
538 614 638 692 potul,
658 615 721 675 imo
743 631 814 675 eum
835 615 1075 679 homuncionem
1087 619 1271 704 rideosin-

176 727 248 806 gula
269 743 329 786 non
357 725 622 804 pertractantem,
651 721 708 783 sed
740 725 843 788 omnia
871 727 959 804 quasi
982 725 1269 806 praetendentem

176 837 208 893 et
229 832 279 892 rix
300 849 391 891 unam
411 847 490 906 rem,
502 827 590 908 juste
616 828 837 891 absolventem.
886 832 994 908 Qualia
1024 835 1094 915 eins
1122 834 1271 899 doctrina

176 947 240 1014 eat,
261 938 385 1021 inquam
417 971 450 984 -
478 933 518 995 de
539 940 607 996 arte
629 943 719 998 recte
740 938 931 1019 compilandi
952 939 1061 1002 dicere
1083 943 1132 1002 rix
1146 933 1269 1022 ¹possu-

174 1067 301 1108 mus-
333 1045 387 1125 qui
409 1063 448 1105 eo
469 1044 561 1119 loco,
592 1044 645 1106 uhi
675 1045 803 1108 Phileoe
835 1049 1021 1109 senteutiam
1049 1048 1090 1111 de
1120 1049 1266 1115 Helladis

134 1206 139 1220 ,
172 1157 287 1218 tlnibua
317 1153 428 1228 ull’ert,
457 1151 537 1214 hanc
558 1154 633 1214 satia
653 1171 780 1234 gravem
809 1155 1023 1235 quaestionem
1048 1151 1267 1223 tahtummodo

172 1269 295 1344 tangat,
309 1263 489 1340 neutiquam
517 1267 621 1323 autem
641 1263 814 1343 perspicue
842 1270 979 1344 exponat
1006 1265 1057 1326 vel
1077 1265 1156 1328 adeo
1178 1267 1265 1351 diju-

66 1375 70 1386 '
173 1371 273 1432 dicet!
315 1370 433 1432 Verum
453 1369 535 1430 enim
550 1387 627 1430 vero
647 1371 673 1430 si
697 1371 766 1450 quia
787 1371 874 1448 alius,
896 1369 950 1434 hio
964 1375 1158 1452 potissimum
1174 1375 1265 1438 locas
1339 1435 1349 1458 ‚

171 1479 223 1538 uhi
254 1479 294 1539 ‹le
322 1477 484 1556 Magnesia
513 1475 641 1538 Helladi
670 1477 868 1558 adjungenda
895 1483 949 1539 aut
980 1479 1055 1540 lnde
1083 1483 1261 1561 separanda

170 1604 272 1647 sermo
295 1590 342 1646 est
364 1583 539 1644 certissimo
560 1582 679 1644 indicio
708 1591 757 1644 eat
776 1583 894 1646 haecce
916 1583 1186 1668 negligentissime
1206 1608 1261 1650 ex-

170 1701 282 1774 cerpta
303 1709 381 1753 esse.
424 1691 586 1770 Suspicarl
606 1689 686 1751 adeo
701 1709 873 1770 possemus,
893 1692 997 1754 locum
1014 1696 1152 1773 prosaici
1173 1695 1261 1777 frag·

170 1803 265 1863 menti
298 1801 351 1881 qul
373 1797 482 1860 eadem
506 1797 603 1859 dere
632 1799 697 1879 agit
719 1819 875 1879 quemque
900 1817 963 1862 non
984 1801 1113 1862 multum
1141 1802 1260 1866 desua

169 1911 351 1992 integritate
381 1907 561 1989 perdidisse
599 1909 807 1990 conjecerim,
844 1927 1018 1989 quanquam
1051 1911 1097 1972 ihi
1127 1911 1260 1975 Phileae

168 2020 284 2098 mentio
306 2037 365 2077 non
388 2015 471 2076 lacta
492 2021 550 2090 est,
570 2035 588 2075 a
611 2022 716 2076 nostro
738 2022 868 2077 auctore
891 2018 924 2078 in
946 2017 1065 2096 aliquot
1084 2020 1259 2082 versiculos

166 2131 357 2186 coarctatum
377 2121 485 2184 halese.
527 2123 676 2184 ceterum
698 2123 771 2184 talia
784 2124 911 2202 penitae
925 2125 1071 2184 omittere
1086 2129 1260 2205 praestitit,

166 2233 320 2314 siquidem
342 2233 485 2313 opusculi
507 2233 687 2310 consilium,
717 2240 752 2294 ut
773 2233 805 2294 iu
826 2235 990 2314 prooemio
1011 2234 1147 2297 indicari
1168 2235 1257 2298 vide-
1357 2273 1358 2324 3

165 2350 234 2418 tur,
265 2337 418 2423 ejusmodi
440 2339 523 2430 ιιιιι,
555 2347 590 2400 ut
619 2323 1034 2421 compendiaria'brevitate
1064 2347 1097 2402 et
1125 2345 1255 2422 poetica

164 2447 266 2510 forma
294 2446 465 2510 memoriae
486 2447 712 2507 consuleretur.
762 2444 831 2526 Qua
851 2449 974 2512 ratione
1002 2466 1064 2508 non
1084 2448 1181 2528 plane
1202 2467 1255 2511 re-

67 2637 68 2642 *
158 2558 333 2640 jiceremna
354 2543 582 2636 conjecturam,
605 2573 665 2633 qua
689 2553 729 2614 de
749 2553 973 2635 Theophrasto
995 2554 1130 2635 quodam
1150 2577 1254 2638 puero

162 2665 214 2725 vel
239 2661 472 2726 adolescentulo
501 2662 712 2742 cogitaretur,
739 2662 791 2723 cui
811 2661 1033 2742 compendium
1061 2681 1123 2725 non
1152 2666 1252 2746 magis
1355 2715 1356 2720 ,

95 2746 105 2784 ³
163 2771 341 2832 dedicatum
362 2769 478 2846 luerit,
510 2787 601 2849 quam
623 2770 656 2831 in
676 2769 765 2850 cujus
786 2768 1012 2831 institutionem
1033 2773 1252 2851 compositam.

161 2879 290 2940 Etiamsi
312 2887 413 2938 antem
436 2877 631 2956 prooemium
652 2881 686 2937 et
707 2873 791 2954 quod
813 2875 852 2935 ad
872 2877 1028 2938 tractandi
1049 2881 1081 2938 et
1104 2879 1190 2958 quod
1211 2879 1251 2940 ad
1354 2911 1355 2956 3

162 2985 287 3046 dicendi
302 2986 454 3045 rationem
477 2983 573 3043 multo
593 2981 705 3042 melina
719 2981 838 3044 habere
854 2981 987 3044 diximus
1009 3003 1100 3064 quam
1114 2986 1249 3066 reliqua,

160 3093 193 3154 ιιι
222 3091 304 3172 quod
338 3091 412 3152 inde
432 3079 578 3151 tortassis¹
602 3088 820 3170 explicandum
849 3095 896 3150 est
927 3090 1011 3170 qnod
1033 3109 1072 3153 ex
1093 3093 1173 3172 ipsis
1194 3093 1248 3154 lll-
1353 3101 1354 3120 ³

160 3201 372 3268 caearchianis
393 3197 537 3258 nonnulla
557 3197 655 3277 magis
676 3199 799 3257 sincera
818 3203 978 3259 reservata
998 3197 1133 3276 fuerint,
1155 3201 1187 3262 lu
1208 3219 1247 3262 eo

158 3317 260 3369 tamen
292 3309 385 3368 etiam
414 3305 681 3389 deprehendimus
714 3324 794 3384 quae
823 3323 1016 3386 magnopere
1047 3307 1247 3388 displiceant,
1352 3325 1353 3328 ’

64 3481 67 3486 ,
158 3417 240 3478 sicut
267 3434 388 3476 versum
412 3415 570 3494 quintum,
600 3414 659 3474 nlsi
691 3413 839 3474 intestino
867 3414 997 3474 vulnere
1008 3414 1163 3476 laborare
1194 3422 1247 3479 aut

28 3597 30 3602 .
157 3523 213 3586 suo
242 3525 313 3586 loco
346 3523 503 3606 dejectum
531 3541 601 3585 esse
630 3523 802 3584 statuimus.
826 3550 828 3556 ’
853 3523 941 3602 Quae
968 3523 1048 3585 haec
1076 3509 1176 3603 porr'o
1198 3531 1246 3588 eat

157 3633 349 3714 singulorum
376 3633 569 3695 enumeratio
597 3631 635 3693 alr
665 3633 747 3694 omni
769 3649 842 3693 sana
862 3633 986 3694 ratione
1013 3631 1108 3714 longe
1128 3633 1244 3695 ahhor-

156 3761 229 3805 rens
256 3757 299 3802 vr.
321 3739 362 3801 14
391 3759 460 3820 sqq.
509 3730 616 3826 ἄλση,
645 3727 828 3824 ποταμοὺς
855 3733 980 3826 νήσους
1000 3755 1037 3799 rc
1065 3729 1147 3814 τοὺς
1169 3731 1244 3803 διά·
1350 3755 1351 3784 ³

83 3889 87 3894 ·
155 3847 265 3926 rtoog
286 3869 323 3914 ra
345 3850 404 3911 και
425 3835 598 3930 Λιμένας·
622 3835 646 3908 ἅ
668 3845 700 3908 τ’
722 3845 814 3909 ἐστὶν
837 3842 872 3910 ἐν
890 3840 1147 3929 Πελοποννήσῳ
1163 3841 1241 3929 pc'vq

156 3978 184 4023 κ.
208 3981 236 4021 τ.
258 3954 287 4022 λ.
328 3959 373 4020 Ut
393 3957 432 4018 ad
448 3945 572 4034 reliqua
592 3955 749 4031 accedam,
765 3955 832 4038 jam
852 3953 1126 4016 animadvertimus
1148 3974 1239 4034 quam
1349 3965 1350 3970 ’

154 4066 267 4128 leviter
290 4065 430 4145 quaestio
453 4063 491 4122 de
514 4062 653 4123 Helladis
674 4063 816 4122 terminis
837 4067 998 4122 tractetur.
1050 4060 1114 4122 Sed
1138 4068 1238 4124 atten-

51 4213 55 4226 .
156 4172 233 4233 dere
265 4175 357 4233 etiam
373 4173 480 4252 Juvat,
507 4188 569 4248 quo
590 4161 700 4245 ruodo,
737 4172 824 4248 quasi
854 4171 923 4248 quis
951 4168 1033 4230 adsit
1060 4169 1115 4248 qui
1144 4171 1235 4230 talem

155 4280 314 4340 materiam
343 4279 375 4340 in
402 4295 502 4358 opere
530 4278 719 4357 pertractari
749 4279 796 4337 uel
825 4277 933 4338 saltem
962 4278 1132 4358 perspicue
1161 4297 1234 4358 pro·
