2728 4720
486 309 583 372 ..‘..
634 321 707 400 lto
746 357 857 370 ···--

125 507 165 580 εε
183 513 412 600 Ἀααραααιας
440 511 529 580 torn
551 473 692 605 γμαραα
714 513 788 578 roo.
816 513 836 602 γ
859 505 897 578 st
916 509 1123 600 Ἀκαραααια
1146 513 1216 583 tarr

125 623 227 688 πᾶσα
249 619 424 708 εὐλίμενος
445 625 503 686 και·
525 615 615 688 κατά
631 630 742 686 ταῦτα
765 621 864 710 νιῖσοι
884 618 1117 706 παράκεινται
1131 623 1217 690 πολ-
1302 621 1304 624 ’
1332 635 1345 652 ‘

98 714 203 816 vlicui,
232 725 274 826 άς
304 731 324 796 ὀ
349 729 520 816 Ἀχελῷος
552 727 815 815 προσγωννείων
847 725 991 818 ἤπειρον
1011 741 1116 797 ποιεῖ.
1158 751 1217 800 κα-

125 835 274 904 λοῦνται
304 825 342 903 δὲ
361 835 532 924 Ἐχινάδες
554 841 674 928 νῆσοι,
704 839 767 904 εἰσὶ
789 829 826 903 δὲ
848 832 977 929 ίριγμοι.
1019 843 1053 904 In
1075 832 1229 906 Aetoliae

128 949 345 1030 descriptione
371 951 455 1011 inter
477 949 673 1030 snagrsphes
694 945 855 1012 suctorem
877 957 910 1011 et
931 950 1093 1030 Scylacem
1114 952 1147 1012 id
1169 972 1219 1014 so·

126 1059 191 1120 lum
213 1061 374 1134 convenit,
406 1058 491 1138 quod
511 1069 647 1138 uterque
669 1053 738 1141 ejus
759 1060 942 1140 provinciae
965 1063 1220 1142 praeternaviga-

126 1168 245 1230 tionem
276 1167 418 1234 diurnam
446 1187 516 1229 csse
543 1167 653 1228 retulit
681 1167 723 1228 cl.
754 1167 832 1228 hoec
854 1167 992 1246 Scylacis
1019 1169 1115 1229 verbs
1134 1158 1218 1256 μετά
1298 1231 1300 1236 ,

128 1263 166 1336 δὲ
183 1269 412 1358 Ἀκαρνανίαν
433 1267 590 1336 Αἰτωλία
618 1270 712 1336 ἐστίν
735 1267 836 1348 ἔθνος
857 1271 916 1336 καὶ
937 1263 1055 1348 πόλεις
1076 1273 1111 1338 ἑν
1133 1273 1221 1362 αὐτῇ

108 1377 215 1470 ιεἰσίν
245 1380 338 1443 αἵδε·
377 1374 570 1458 Καλαδαίν,
601 1375 774 1465 Μάκαρνα
809 1375 923 1472 (cujus
954 1385 1026 1445 loco
1055 1385 1221 1449 Salmasius

123 1485 324 1574 Ἀλίκυρνα,
358 1490 480 1554 Gsilius
502 1483 677 1573 Μάκνρνα
699 1499 732 1553 et
753 1493 832 1553 alius
856 1493 901 1552 rir
924 1492 1035 1554 doctas
1056 1493 1097 1554 cf.
1114 1494 1221 1558 Goett.

131 1597 202 1659 (iol.
224 1599 300 1660 Ana.
323 1597 413 1660 1832.
440 1617 473 1679 p.
493 1595 573 1660 2⁰21
602 1585 797 1682 Ἀλιίκαρνα
824 1598 991 1680 legendum
1022 1591 1222 1686 proposuit),

131 1695 335 1787 Μολυκρειά
356 1707 414 1768 καὶ
436 1700 457 1765 ὁ
479 1693 657 1788 Δελφικός
686 1696 827 1777 κόλπος.
863 1699 979 1788 στόμα
1001 1695 1039 1766 δὲ
1062 1712 1124 1768 τοῦ
1145 1698 1222 1770 κάλ-

130 1829 201 1874 πον
219 1801 346 1874 τοάτον
360 1809 435 1875 ἐστὶ
452 1801 581 1876 στάδια
602 1815 630 1874 ι’·
653 1815 712 1876 καὶ
733 1807 787 1876 ἐπ’
813 1805 923 1875 αὐτοῦ
944 1802 1037 1896 ἱερὸν
1058 1813 1113 1876 καί
1133 1803 1222 1876 Ναί·

128 1936 266 1995 πακτος
286 1910 387 1994 πόλις
408 1919 467 1984 καὶ
488 1917 548 1984 ἐπ’
569 1910 679 2006 αὐτὴν
700 1915 831 2006 (nescio
854 1941 892 1984 sn
915 1921 998 2002 spud
1020 1923 1104 1983 hunc
1119 1923 1222 2003 scrip·

128 2035 233 2092 torem
262 2030 481 2092 emendatione
514 2031 614 2110 qualis
642 2035 692 2092 est
714 2031 809 2092 Gallu
838 2027 896 2114 ἐπ’
926 2027 1011 2115 αὐτῇ
1041 2037 1094 2118 aut
1123 2027 1223 2110 qualis

129 2135 249 2198 haecce
272 2143 320 2199 est
338 2131 414 2224 μετ’
436 2130 546 2221 αὑτήν
567 2156 648 2218 ορατ
669 2130 734 2220 sit)
762 2127 884 2211 πόλεις
905 2132 991 2200 εἰσίν
1014 2128 1118 2198 ἄλλαι
1138 2133 1223 2200 πολ·

130 2237 190 2306 λαὶ
205 2238 379 2319 Αἰτωλοῖς
400 2237 436 2306 ἐν
450 2241 625 2327 μεσογείᾳ.
648 2233 861 2329 παράπλους
882 2224 918 2306 δ”
938 2240 1011 2306 ἐστὶ
1032 2246 1092 2329 τῆς
1106 2241 1223 2307 Αἰτω-
1319 2320 1322 2326 ¹

131 2345 210 2424 λίας
236 2343 361 2436 ἡμέρας
389 2345 482 2433 μναῖς.
512 2340 601 2439 ιγ”ὂλ
623 2347 780 2414 Αἰτωλία
801 2345 950 2438 παρείκει
979 2341 1039 2434 τίν
1060 2347 1224 2434 Λοκρίδα

131 2456 254 2521 πάσαν
286 2448 360 2536 ἀπὸ
381 2463 564 2544 μεσογείας
584 2450 687 2545 μέχρι
709 2450 886 2524 Αἰνιάνων
908 2453 963 2547 (in
985 2461 1034 2521 lris
1055 2461 1224 2541 postremis

131 2567 248 2644 verbio,
271 2566 356 2647 quod
378 2568 462 2650 opud
483 2568 622 2630 melioria
643 2573 736 2628 notre
758 2569 948 2647 scriptorem
968 2559 1029 2627 non
1044 2572 1225 2642 statuerem,

134 2666 210 2737 ἀπὸ
232 2679 413 2758 μεσογείας
434 2675 627 2738 crediderim
656 2675 726 2738 fere
750 2675 834 2736 idem
856 2675 1035 2754 significare
1057 2693 1127 2738 com
1150 2665 1224 2738 άπὸ

134 2781 368 2873 μεσημβρίας,
394 2784 455 2845 nisi
483 2801 559 2845 vero
586 2801 659 2847 cum
682 2771 785 2844 Gsillo
813 2783 919 2864 placet
946 2771 1019 2842 άπὸ
1042 2777 1232 2864 μεσογείας

134 2909 207 2952 cum
236 2881 296 2974 τὴν
318 2887 476 2973 Λοκρίδα
505 2891 680 2952 arctissime
707 2909 778 2952 eum
798 2891 830 2952 ia
851 2881 975 2951 uenam
997 2888 1166 2969 copalsre,·
1189 2893 1226 2950 ot

134 2997 195 3060 sit:
227 2999 372 3076 „Aetolia
399 2997 546 3080 contigua
573 3004 622 3060 cst
647 2999 731 3060 omni
753 2997 899 3061 Locridis
927 2997 1012 3078 parti
1040 2995 1226 3057 mediterro-

134 3123 229 3167 neam
259 3107 441 3186 provinciae
475 3111 609 3169 trsctum
640 3101 864 3194 spectenti“).
914 3107 1004 3184 Quae
1032 3102 1227 3186 anagrsphes
1291 3107 1293 3110 ’

96 3273 99 3282 ,
137 3213 261 3277 auctori
290 3214 323 3276 ia
345 3214 546 3298 Ambraciae,
574 3217 767 3278 Acarnaniae
795 3219 828 3274 et
848 3213 995 3306 Aetoliae
1014 3211 1227 3292 descriptione
1339 3277 1340 3280 ,

138 3339 210 3382 cum
232 3321 363 3402 Scylace
392 3323 568 3382 communia
596 3327 681 3382 sunt'
697 3323 737 3382 iis
763 3319 984 3380 animadversis
1014 3324 1114 3380 restat
1134 3320 1169 3380 ut
1190 3337 1228 3380 ea
1350 3334 1352 3339 ·

139 3445 266 3508 qnoque
297 3449 382 3508 quse.
397 3431 525 3525 utrique
545 3429 715 3510 singularis
736 3434 858 3490 exstant
877 3441 1103 3514 enumeremus.
1154 3428 1227 3489 Am-

138 3535 248 3599 bracia
277 3538 309 3598 in
340 3537 520 3617 anagraphe
550 3556 613 3598 non
634 3538 753 3612 solum,
783 3535 816 3597 id
847 3535 931 3614 quod
959 3535 1044 3615 cpud
1065 3535 1226 3616 Scylsocm

140 3646 289 3706 omissam
310 3651 376 3721 est,
398 3642 633 3707 Corinthiorum
655 3645 777 3731 colonia
798 3663 867 3704 csse
890 3643 1023 3724 dicitur,
1054 3643 1111 3704 sed
1134 3645 1227 3704 etism

140 3752 209 3834 ejus
230 3753 308 3813 situs
322 3745 508 3814 accuratius
522 3752 670 3814 definitur
690 3752 740 3814 his
762 3751 867 3812 verbis
889 3739 980 3812 κατά
1003 3740 1063 3812 τὸν
1091 3743 1227 3814 κόλπον
1332 3795 1336 3812 ,

140 3848 179 3921 δὲ
202 3849 269 3922 τὸν
284 3853 500 3945 καλούμενον
518 3849 747 3943 Ἀμβρακικὸν
761 3853 904 3940 ᾤκισται
923 3848 1019 3944 μὲσιγ.
1062 3859 1228 3920 Praeterea

140 3983 245 4049 neque
268 3967 308 4029 dc
328 3969 491 4031 Minervae
511 3955 602 4033 sacro
624 3965 737 4048 Sc'ylsx
765 3969 861 4028 verba
882 3967 959 4028 lacit
980 3985 1083 4046 neque
1106 3986 1228 4027 omnem

139 4076 174 4136 ln
196 4095 257 4153 qua
278 4075 444 4137 Ambracia
464 4075 767 4154 sitscst-rcgionem
781 4073 975 4153 Dryopidem
990 4074 1095 4132 vocari
1116 4071 1227 4134 refert.

141 4181 254 4261 Scylax
282 4183 435 4244 llomolcu
465 4183 593 4258 urbem,
627 4188 735 4244 noster
771 4189 881 4242 auctor
908 4179 1064 4240 Homolen
1091 4186 1228 4241 montem

143 4288 285 4352 Helladis
314 4287 639 4376 termiuom'cdiccre
666 4290 775 4354 statuit
795 4293 829 4352 et
848 4288 997 4370 lmoper,
1028 4286 1112 4368 qood
1144 4287 1228 4368 opud
