2728 4726
159 1101 166 1227 Ιἑ
297 1147 374 1196 „³
452 1073 907 1221 sternumentum.
977 1082 981 1092 ’

352 1287 632 1374 Philosophiae
653 1304 890 1361 Dicaearchi
912 1305 1072 1374 scripta.
1136 1300 1139 1306 '
1212 1311 1217 1318 '

165 1629 241 1708 De
262 1643 369 1704 animo
381 1641 593 1704 Dicaearchus
608 1641 670 1703 duo
685 1643 806 1723 scripta
820 1636 855 1728 ¹)
871 1661 972 1722 eaque
988 1641 1142 1726 dialogico
1155 1643 1258 1706 iorma

165 1757 405 1833 composuerat,
424 1743 463 1841 ἓ)
502 1771 635 1832 quorum
667 1753 798 1812 alterum
831 1771 870 1812 ex
901 1753 1054 1813 sermonis
1084 1753 1153 1814 ficti
1183 1734 1256 1814 loco

167 1858 397 1933 Corinthiacus,
419 1853 454 1947 ³)
487 1861 619 1924 alterum
648 1879 666 1921 a
695 1860 864 1940 Mitylene,
907 1859 1025 1941 dialogi
1053 1859 1148 1936 sede,
1184 1860 1260 1921 libri

164 1966 311 2030 Lesbiaci
328 1959 579 2030 inscribebantur
600 1972 634 2028 et
655 1986 787 2047 quorum
806 1974 975 2047 utrumque
990 1970 1022 2029 in
1037 1955 1143 2030 ternos
1157 1967 1256 2030 libros

165 2075 298 2138 divisum
319 2082 397 2138 erat.
412 2071 449 2162 ⁴)
492 2077 526 2138 lu
556 2076 610 2138 illo
640 2076 773 2147 animam
798 2076 970 2136 substantia
998 2095 1059 2137 nou
1079 2074 1256 2156 praeditam

164 2186 353 2263 omninoque
381 2184 461 2244 hanc
489 2203 599 2244 vocem
626 2168 694 2244 siue
720 2183 784 2245 ullo
806 2165 962 2244 momento
985 2197 1054 2245 esse
1076 2183 1256 2261 contendit,

163 2291 224 2353 uisi
247 2291 398 2371 quaedam
420 2293 787 2390 corporisxexaggeratio
815 2293 865 2354 vel
888 2287 1069 2353 constitutio
1097 2291 1255 2372 iutellige—
1286 2301 1290 2308 '

162 2406 252 2462 retur
273 2402 306 2462 iu
328 2401 469 2462 omnibus
491 2420 571 2480 quae
591 2391 660 2462 viva
682 2407 787 2462 essent
806 2402 1013 2480 aequabiliter
1028 2420 1136 2480 sparsa
1149 2419 1254 2480 neque

163 2509 201 2580 ab
234 2509 274 2570 iis
303 2509 482 2573 ullomodo
505 2502 748 2594 divellenda,‘)
780 2511 812 2570 in
841 2510 902 2570 hoc
924 2516 1026 2570 autem
1048 2509 1188 2588 scripto,
1219 2507 1253 2568 id

164 2616 249 2696 quod
270 2622 409 2678 statuere
431 2616 548 2676 deinde
562 2616 739 2698 necessario
755 2615 877 2691 debuit,
899 2619 1017 2677 animae
1031 2615 1254 2677 mortalitatem

99 2758 109 2766 „
164 2724 281 2786 docuit
295 2716 331 2810 ⁶)
381 2721 554 2802 Singularis
584 2728 617 2782 et
645 2721 683 2781 ab
711 2720 761 2781 his
783 2720 875 2800 plane
897 2720 1039 2782 diversus
1059 2720 1141 2782 liber
1161 2723 1253 2802 isque

162 2833 263 2893 miuus
284 2829 525 2911 philosophicus
547 2847 638 2906 quam
658 2827 729 2890 iere
752 2828 885 2890 dixerim
906 2831 1076 2891 statisticus
1096 2831 1193 2893 luisse
1206 2835 1255 2895 vi-

80 2919 83 2926 ¹
163 2939 257 3002 detur
280 2935 325 3001 de
339 2939 470 3000 interitu
490 2937 652 2999 bominum.
668 2931 716 3022 ’),
747 2939 848 2999 Ροιιο
860 2937 911 3019 ὀσ
928 2939 1116 3001 divinatione
1136 2939 1252 3002 librum

162 3049 396 3129 conscripserat
417 3046 450 3107 iu
471 3063 574 3124 eoque
597 3043 658 3105 duo
681 3043 878 3107 divinationis
892 3042 1024 3126 genera,
1045 3046 1178 3108 alterum
1192 3067 1254 3128 per
1352 3031 1353 3037 ἵ

162 3174 318 3231 somnum,
345 3154 478 3214 alterum
499 3171 559 3232 per
579 3151 720 3213 furorem
751 3160 909 3234 posuerat.
924 3147 961 3240 ⁸)
1003 3153 1091 3216 Haec
1112 3155 1254 3235 philoso-

162 3263 259 3345 phica
287 3271 359 3324 suut
388 3258 574 3321 Dicaearchi
605 3278 723 3340 opera,
753 3279 832 3340 quae
861 3259 987 3338 quidem
1016 3267 1105 3322 certo
1127 3264 1254 3344 cognita

161 3367 326 3446 habemus,
343 3385 524 3448 quanquam
545 3367 719 3448 compluria
732 3367 945 3429 llicaearehea
965 3368 1150 3449 fragmenta,
1171 3389 1253 3450 quae

163 3479 231 3542 siue
264 3478 382 3560 operis·
401 3471 526 3539 uomiue
557 3477 650 3538 allata
677 3481 765 3552 suut,
796 3473 835 3535 ad
865 3494 963 3554 genus
993 3473 1251 3557 philosophicum

163 3589 356 3672 pertinentia
376 3587 549 3668 suspicioni
569 3585 692 3662 favent,
718 3603 778 3663 qua
799 3582 1027 3645 Dicaearchum
1048 3590 1178 3664 praeter
1198 3585 1253 3648 illa

163 3699 258 3760 etiam
290 3677 350 3764 alia
381 3695 501 3774 scripta
531 3690 754 3774 philosophica
788 3692 1002 3770 composuisse
1037 3693 1250 3774 conjiciamus.

161 3805 208 3867 lta
228 3804 390 3864 Platonem
411 3803 451 3864 ob
473 3819 610 3862 amorem
630 3800 771 3861 rensibus
790 3800 883 3860 ulmis
903 3799 1118 3861 inhaerentem
1138 3819 1253 3880 repre-

161 3910 335 3987 henderat,
349 3907 387 3993 ⁹)
418 3909 493 3970 alibi
521 3907 755 3988 philosophiam
781 3907 818 3968 ab
840 3907 1047 3969 ambulatione
1069 3925 1129 3988 per
1149 3909 1252 3989 porti-

30 4025 32 4030 ’
163 4035 234 4079 oum
264 4037 326 4080 nou
353 4015 496 4098 pendere
525 4021 677 4076 statuerat
695 4005 741 4101 ¹⁰)
773 4019 806 4075 et
833 4016 895 4076 urio
917 4016 1031 4076 iterum
1053 4014 1123 4078 loco
1144 4024 1258 4098 omnes·

161 4125 338 4208 propitios,
372 4125 470 4185 bouos
505 4128 609 4183 autam
643 4123 759 4184 amicos
789 4122 851 4184 sibi
880 4122 1062 4198 reddendos
1093 4141 1162 4185 esse
1194 4103 1271 4183 do-'

161 4238 273 4294 onerat
291 4229 367 4316 .¹¹)'
394 4228 682 4310 Peripateticorum
701 4228 914 4294 Dicaearchus
932 4235 994 4293 uon
1022 4229 1167 4322 intimum·
1181 4232 1250 4296 siue
