<?xml version="1.0" encoding="UTF-8"?>
<!DOCTYPE html PUBLIC "-//W3C//DTD XHTML 1.0 Transitional//EN"
    "http://www.w3.org/TR/xhtml1/DTD/xhtml1-transitional.dtd">
<html xmlns="http://www.w3.org/1999/xhtml" xml:lang="en" lang="en">
 <head>
  <title>
</title>
<meta http-equiv="Content-Type" content="text/html;charset=utf-8" />
  <meta name='ocr-system' content='tesseract 3.04.00' />
  <meta name='ocr-capabilities' content='ocr_page ocr_carea ocr_par ocr_line ocrx_word'/>
</head>
<body>
  <div class='ocr_page' id='page_1' title='image "./dicaearchimesse00fuhrgoog_0390.png"; bbox 0 0 2734 4718; ppageno 0'>
   <div class='ocr_carea' id='block_1_1' title="bbox 478 271 849 348">
    <p class='ocr_par' dir='ltr' id='par_1_1' title="bbox 478 271 849 348">
     <span class='ocr_line' id='line_1_1' title="bbox 478 271 849 348; baseline 0 -1"><span class='ocrx_word' id='word_1_1' title='bbox 478 271 849 348; x_wconf 49' lang='lat'><strong>*375*-</strong></span> 
     </span>
    </p>
   </div>
   <div class='ocr_carea' id='block_1_2' title="bbox 109 441 1206 652">
    <p class='ocr_par' dir='ltr' id='par_1_2' title="bbox 109 441 1206 652">
     <span class='ocr_line' id='line_1_2' title="bbox 111 441 1206 549; baseline 0.003 -22"><span class='ocrx_word' id='word_1_2' title='bbox 111 484 185 528; x_wconf 89' lang='lat' dir='ltr'><strong>cum</strong></span> <span class='ocrx_word' id='word_1_3' title='bbox 206 441 369 528; x_wconf 71' lang='lat' dir='ltr'><strong>Thessalia</strong></span> <span class='ocrx_word' id='word_1_4' title='bbox 390 465 524 545; x_wconf 83' lang='lat' dir='ltr'><strong>Io&#39;pirnm</strong></span> <span class='ocrx_word' id='word_1_5' title='bbox 547 471 600 525; x_wconf 84' lang='lat' dir='ltr'><strong>aut</strong></span> <span class='ocrx_word' id='word_1_6' title='bbox 620 466 729 528; x_wconf 83' lang='lat' dir='ltr'><strong>raitem</strong></span> <span class='ocrx_word' id='word_1_7' title='bbox 750 465 973 546; x_wconf 81' lang='lat' dir='ltr'><strong>Theuprotiam</strong></span> <span class='ocrx_word' id='word_1_8' title='bbox 987 468 1080 549; x_wconf 74' lang='lat' dir='ltr'><strong>Epiri</strong></span> <span class='ocrx_word' id='word_1_9' title='bbox 1102 469 1206 548; x_wconf 89' lang='lat' dir='ltr'><strong>potio·</strong></span> 
     </span>
     <span class='ocr_line' id='line_1_3' title="bbox 109 569 1206 652; baseline 0.003 -19"><span class='ocrx_word' id='word_1_10' title='bbox 109 591 180 633; x_wconf 88' lang='lat' dir='ltr'><strong>rem</strong></span> <span class='ocrx_word' id='word_1_11' title='bbox 204 569 624 652; x_wconf 85' lang='lat' dir='ltr'><strong>partemeomprehendere</strong></span> <span class='ocrx_word' id='word_1_12' title='bbox 645 572 894 634; x_wconf 77' lang='lat' dir='ltr'><strong>animadvertens</strong></span> <span class='ocrx_word' id='word_1_13' title='bbox 922 572 1020 652; x_wconf 87' lang='lat' dir='ltr'><strong>idque</strong></span> <span class='ocrx_word' id='word_1_14' title='bbox 1042 594 1081 636; x_wconf 83' lang='lat' dir='ltr'><strong>eu</strong></span> <span class='ocrx_word' id='word_1_15' title='bbox 1102 576 1206 638; x_wconf 86' lang='lat' dir='ltr'><strong>Hero·</strong></span> 
     </span>
    </p>
   </div>
   <div class='ocr_carea' id='block_1_3' title="bbox 110 666 1345 758">
    <p class='ocr_par' dir='ltr' id='par_1_3' title="bbox 110 666 1345 758">
     <span class='ocr_line' id='line_1_4' title="bbox 110 666 1345 758; baseline -0.002 -19"><span class='ocrx_word' id='word_1_16' title='bbox 110 677 182 739; x_wconf 82' lang='lat' dir='ltr'><strong>deti</strong></span> <span class='ocrx_word' id='word_1_17' title='bbox 202 677 286 738; x_wconf 90' lang='lat' dir='ltr'><strong>iihro</strong></span> <span class='ocrx_word' id='word_1_18' title='bbox 306 677 352 754; x_wconf 85' lang='lat'><strong>11,</strong></span> <span class='ocrx_word' id='word_1_19' title='bbox 380 695 451 758; x_wconf 88' lang='lat' dir='ltr'><strong>cap.</strong></span> <span class='ocrx_word' id='word_1_20' title='bbox 470 673 530 754; x_wconf 76' lang='lat'><strong>52,</strong></span> <span class='ocrx_word' id='word_1_21' title='bbox 550 676 605 738; x_wconf 90' lang='lat' dir='ltr'><strong>uhi</strong></span> <span class='ocrx_word' id='word_1_22' title='bbox 627 675 667 738; x_wconf 85' lang='lat' dir='ltr'><strong>de</strong></span> <span class='ocrx_word' id='word_1_23' title='bbox 689 678 817 738; x_wconf 90' lang='lat' dir='ltr'><strong>oracnio</strong></span> <span class='ocrx_word' id='word_1_24' title='bbox 839 677 1009 740; x_wconf 83' lang='lat' dir='ltr'><strong>Dodonaeo</strong></span> <span class='ocrx_word' id='word_1_25' title='bbox 1030 680 1207 757; x_wconf 79' lang='lat' dir='ltr'><strong>disseritur,</strong></span> <span class='ocrx_word' id='word_1_26' title='bbox 1263 666 1265 674; x_wconf 56' lang='lat'><em>&#39;</em></span> <span class='ocrx_word' id='word_1_27' title='bbox 1339 709 1345 714; x_wconf 86' lang='lat'><em>-</em></span> 
     </span>
    </p>
   </div>
   <div class='ocr_carea' id='block_1_4' title="bbox 109 772 1207 1190">
    <p class='ocr_par' dir='ltr' id='par_1_4' title="bbox 109 772 1207 1190">
     <span class='ocr_line' id='line_1_5' title="bbox 111 772 1206 874; baseline 0.003 -27"><span class='ocrx_word' id='word_1_28' title='bbox 111 792 267 866; x_wconf 80' lang='lat' dir='ltr'><strong>repetens</strong></span> <span class='ocrx_word' id='word_1_29' title='bbox 293 775 335 846; x_wconf 82' lang='grc' dir='ltr'><strong>τὸ</strong></span> <span class='ocrx_word' id='word_1_30' title='bbox 364 773 431 866; x_wconf 76' lang='grc' dir='ltr'><strong>γὰρ</strong></span> <span class='ocrx_word' id='word_1_31' title='bbox 454 772 496 872; x_wconf 73' lang='grc' dir='ltr'><em>δὴ</em></span> <span class='ocrx_word' id='word_1_32' title='bbox 517 775 690 872; x_wconf 74' lang='grc' dir='ltr'><em>μαντήϊον</em></span> <span class='ocrx_word' id='word_1_33' title='bbox 712 785 820 847; x_wconf 79' lang='grc' dir='ltr'><strong><em>τοῦτο</em></strong></span> <span class='ocrx_word' id='word_1_34' title='bbox 843 777 1041 874; x_wconf 80' lang='grc' dir='ltr'><strong>νενόμισται</strong></span> <span class='ocrx_word' id='word_1_35' title='bbox 1062 782 1206 870; x_wconf 82' lang='grc' dir='ltr'><strong>α’ρχαιό-</strong></span> 
     </span>
     <span class='ocr_line' id='line_1_6' title="bbox 109 881 1207 978; baseline 0 -22"><span class='ocrx_word' id='word_1_36' title='bbox 109 911 223 956; x_wconf 85' lang='grc' dir='ltr'><strong><em>τατον</em></strong></span> <span class='ocrx_word' id='word_1_37' title='bbox 252 886 324 956; x_wconf 74' lang='grc' dir='ltr'><strong>τῶν</strong></span> <span class='ocrx_word' id='word_1_38' title='bbox 355 887 392 954; x_wconf 82' lang='lat' dir='ltr'><strong>a&#39;u</strong></span> <span class='ocrx_word' id='word_1_39' title='bbox 415 881 555 978; x_wconf 79' lang='grc' dir='ltr'><strong>Ἕλλησι</strong></span> <span class='ocrx_word' id='word_1_40' title='bbox 582 895 798 978; x_wconf 69' lang='grc' dir='ltr'><strong><em>χρηστηρίων</em></strong></span> <span class='ocrx_word' id='word_1_41' title='bbox 822 881 932 968; x_wconf 63' lang='lat' dir='ltr'><strong>ainau,</strong></span> <span class='ocrx_word' id='word_1_42' title='bbox 968 893 1089 956; x_wconf 79' lang='lat' dir='ltr'><strong>Gailiua</strong></span> <span class='ocrx_word' id='word_1_43' title='bbox 1116 899 1207 956; x_wconf 83' lang='lat' dir='ltr'><strong>recte</strong></span> 
     </span>
     <span class='ocr_line' id='line_1_7' title="bbox 109 999 1206 1080; baseline 0 -18"><span class='ocrx_word' id='word_1_44' title='bbox 109 1001 234 1064; x_wconf 90' lang='lat' dir='ltr'><strong>monuit</strong></span> <span class='ocrx_word' id='word_1_45' title='bbox 261 1019 300 1062; x_wconf 81' lang='lat' dir='ltr'><strong>ex</strong></span> <span class='ocrx_word' id='word_1_46' title='bbox 320 999 479 1062; x_wconf 79' lang='lat' dir='ltr'><strong>Herodoti</strong></span> <span class='ocrx_word' id='word_1_47' title='bbox 499 999 572 1063; x_wconf 92' lang='lat' dir='ltr'><strong>loco</strong></span> <span class='ocrx_word' id='word_1_48' title='bbox 592 1001 720 1061; x_wconf 92' lang='lat' dir='ltr'><strong>minime</strong></span> <span class='ocrx_word' id='word_1_49' title='bbox 745 1001 882 1062; x_wconf 87' lang='lat' dir='ltr'><strong>omnium</strong></span> <span class='ocrx_word' id='word_1_50' title='bbox 904 1002 1065 1080; x_wconf 74' lang='lat' dir='ltr'><strong>consequi,</strong></span> <span class='ocrx_word' id='word_1_51' title='bbox 1085 1007 1122 1062; x_wconf 88' lang='lat' dir='ltr'><strong>ut</strong></span> <span class='ocrx_word' id='word_1_52' title='bbox 1141 1001 1206 1062; x_wconf 90' lang='lat' dir='ltr'><strong>Hc-</strong></span> 
     </span>
     <span class='ocr_line' id='line_1_8' title="bbox 109 1107 1206 1190; baseline -0.003 -19"><span class='ocrx_word' id='word_1_53' title='bbox 109 1109 245 1172; x_wconf 85' lang='lat' dir='ltr'><strong>rodotna</strong></span> <span class='ocrx_word' id='word_1_54' title='bbox 266 1109 433 1172; x_wconf 73' lang='lat' dir='ltr'><strong>Graeciam</strong></span> <span class='ocrx_word' id='word_1_55' title='bbox 453 1107 538 1170; x_wconf 87' lang='lat' dir='ltr'><strong>haud</strong></span> <span class='ocrx_word' id='word_1_56' title='bbox 559 1109 769 1190; x_wconf 88' lang='lat' dir='ltr'><strong>interruptam</strong></span> <span class='ocrx_word' id='word_1_57' title='bbox 788 1127 889 1188; x_wconf 81' lang='lat' dir='ltr'><strong>noque</strong></span> <span class='ocrx_word' id='word_1_58' title='bbox 910 1107 950 1170; x_wconf 83' lang='lat' dir='ltr'><strong>ad</strong></span> <span class='ocrx_word' id='word_1_59' title='bbox 970 1108 1131 1170; x_wconf 84' lang='lat' dir='ltr'><strong>Dodonam</strong></span> <span class='ocrx_word' id='word_1_60' title='bbox 1153 1127 1206 1169; x_wconf 83' lang='lat' dir='ltr'><strong>er-</strong></span> 
     </span>
    </p>
   </div>
   <div class='ocr_carea' id='block_1_5' title="bbox 109 1215 1339 1299">
    <p class='ocr_par' dir='ltr' id='par_1_5' title="bbox 109 1215 1339 1299">
     <span class='ocr_line' id='line_1_9' title="bbox 109 1215 1339 1299; baseline 0 -21"><span class='ocrx_word' id='word_1_61' title='bbox 109 1215 263 1294; x_wconf 84' lang='lat' dir='ltr'><strong>tenderit,</strong></span> <span class='ocrx_word' id='word_1_62' title='bbox 285 1223 381 1298; x_wconf 86' lang='lat' dir='ltr'><strong>atque</strong></span> <span class='ocrx_word' id='word_1_63' title='bbox 402 1217 555 1298; x_wconf 77' lang='lat' dir='ltr'><strong>Scylaceo</strong></span> <span class='ocrx_word' id='word_1_64' title='bbox 576 1219 659 1280; x_wconf 77' lang='lat' dir='ltr'><strong>sicut</strong></span> <span class='ocrx_word' id='word_1_65' title='bbox 680 1215 774 1278; x_wconf 84' lang='lat' dir='ltr'><strong>etiam</strong></span> <span class='ocrx_word' id='word_1_66' title='bbox 795 1217 1002 1299; x_wconf 80' lang='lat' dir='ltr'><strong>Anagraphes</strong></span> <span class='ocrx_word' id='word_1_67' title='bbox 1022 1217 1094 1278; x_wconf 88' lang='lat' dir='ltr'><strong>loco</strong></span> <span class='ocrx_word' id='word_1_68' title='bbox 1114 1235 1207 1278; x_wconf 84' lang='lat' dir='ltr'><strong>voca·</strong></span> <span class='ocrx_word' id='word_1_69' title='bbox 1335 1243 1339 1249; x_wconf 82' lang='grc'><em>·</em></span> 
     </span>
    </p>
   </div>
   <div class='ocr_carea' id='block_1_6' title="bbox 110 1316 1250 1736">
    <p class='ocr_par' dir='ltr' id='par_1_6' title="bbox 110 1316 1250 1736">
     <span class='ocr_line' id='line_1_10' title="bbox 110 1316 1207 1411; baseline -0.001 -25"><span class='ocrx_word' id='word_1_70' title='bbox 110 1326 221 1388; x_wconf 86' lang='lat' dir='ltr'><strong>bulum</strong></span> <span class='ocrx_word' id='word_1_71' title='bbox 248 1316 390 1410; x_wconf 75' lang='grc' dir='ltr'><strong><em>συνεχής</em></strong></span> <span class='ocrx_word' id='word_1_72' title='bbox 417 1324 529 1410; x_wconf 73' lang='lat' dir='ltr'><strong>(qnod</strong></span> <span class='ocrx_word' id='word_1_73' title='bbox 558 1332 648 1388; x_wconf 89' lang='lat' dir='ltr'><strong>recte</strong></span> <span class='ocrx_word' id='word_1_74' title='bbox 668 1326 766 1390; x_wconf 82' lang='lat' dir='ltr'><strong>vertit</strong></span> <span class='ocrx_word' id='word_1_75' title='bbox 784 1325 928 1405; x_wconf 81' lang='lat' dir='ltr'><strong>sormunt</strong></span> <span class='ocrx_word' id='word_1_76' title='bbox 948 1346 992 1390; x_wconf 82' lang='lat' dir='ltr'><strong>uo</strong></span> <span class='ocrx_word' id='word_1_77' title='bbox 1012 1321 1124 1411; x_wconf 84' lang='lat' dir='ltr'><strong>corpo)</strong></span> <span class='ocrx_word' id='word_1_78' title='bbox 1151 1324 1207 1386; x_wconf 85' lang='lat' dir='ltr'><strong>ad·</strong></span> 
     </span>
     <span class='ocr_line' id='line_1_11' title="bbox 110 1431 1206 1514; baseline -0.002 -20"><span class='ocrx_word' id='word_1_79' title='bbox 110 1433 233 1514; x_wconf 67' lang='lat' dir='ltr'><strong>tectum</strong></span> <span class='ocrx_word' id='word_1_80' title='bbox 254 1434 348 1494; x_wconf 86' lang='lat' dir='ltr'><strong>etiam</strong></span> <span class='ocrx_word' id='word_1_81' title='bbox 363 1441 458 1512; x_wconf 87' lang='lat' dir='ltr'><strong>atque</strong></span> <span class='ocrx_word' id='word_1_82' title='bbox 473 1434 567 1496; x_wconf 89' lang='lat' dir='ltr'><strong>ctiam</strong></span> <span class='ocrx_word' id='word_1_83' title='bbox 582 1431 843 1496; x_wconf 80' lang='lat' dir='ltr'><strong>considerandum</strong></span> <span class='ocrx_word' id='word_1_84' title='bbox 856 1452 935 1497; x_wconf 83' lang='lat' dir='ltr'><strong>ease.</strong></span> <span class='ocrx_word' id='word_1_85' title='bbox 977 1435 1089 1513; x_wconf 81' lang='lat' dir='ltr'>Aeque</span> <span class='ocrx_word' id='word_1_86' title='bbox 1102 1437 1206 1494; x_wconf 89' lang='lat' dir='ltr'><strong>autem</strong></span> 
     </span>
     <span class='ocr_line' id='line_1_12' title="bbox 111 1539 1208 1622; baseline 0 -22"><span class='ocrx_word' id='word_1_87' title='bbox 111 1539 221 1602; x_wconf 82' lang='lat' dir='ltr'><strong>dehile</strong></span> <span class='ocrx_word' id='word_1_88' title='bbox 242 1545 459 1622; x_wconf 73' lang='lat' dir='ltr'><strong>argumentum</strong></span> <span class='ocrx_word' id='word_1_89' title='bbox 480 1547 547 1618; x_wconf 81' lang='lat' dir='ltr'><strong>cst,</strong></span> <span class='ocrx_word' id='word_1_90' title='bbox 579 1541 665 1620; x_wconf 87' lang='lat' dir='ltr'><strong>quod</strong></span> <span class='ocrx_word' id='word_1_91' title='bbox 685 1559 747 1622; x_wconf 92' lang='lat' dir='ltr'><strong>pro</strong></span> <span class='ocrx_word' id='word_1_92' title='bbox 768 1542 955 1621; x_wconf 75' lang='lat' dir='ltr'><strong>antiquitate</strong></span> <span class='ocrx_word' id='word_1_93' title='bbox 975 1541 1065 1604; x_wconf 75' lang='lat' dir='ltr'><strong>iatius</strong></span> <span class='ocrx_word' id='word_1_94' title='bbox 1086 1539 1208 1622; x_wconf 89' lang='lat' dir='ltr'><strong>peripli</strong></span> 
     </span>
     <span class='ocr_line' id='line_1_13' title="bbox 110 1645 1250 1736; baseline 0.006 -27"><span class='ocrx_word' id='word_1_95' title='bbox 110 1649 184 1728; x_wconf 85' lang='lat' dir='ltr'><strong>ipae</strong></span> <span class='ocrx_word' id='word_1_96' title='bbox 205 1646 326 1710; x_wconf 79' lang='lat' dir='ltr'><strong>Gailina</strong></span> <span class='ocrx_word' id='word_1_97' title='bbox 347 1645 462 1723; x_wconf 86' lang='lat' dir='ltr'><strong>attulit,</strong></span> <span class='ocrx_word' id='word_1_98' title='bbox 483 1647 634 1710; x_wconf 73' lang='lat' dir='ltr'><strong>Homolen</strong></span> <span class='ocrx_word' id='word_1_99' title='bbox 654 1648 742 1710; x_wconf 83' lang='lat' dir='ltr'><strong>urhia</strong></span> <span class='ocrx_word' id='word_1_100' title='bbox 762 1647 881 1710; x_wconf 88' lang='lat' dir='ltr'><strong>nulium</strong></span> <span class='ocrx_word' id='word_1_101' title='bbox 901 1648 1096 1736; x_wconf 77' lang='lat' dir='ltr'><strong>scriptorem</strong></span> <span class='ocrx_word' id='word_1_102' title='bbox 1111 1666 1206 1730; x_wconf 88' lang='lat' dir='ltr'><strong>prae·</strong></span> <span class='ocrx_word' id='word_1_103' title='bbox 1247 1707 1250 1716; x_wconf 80' lang='grc'>,</span> 
     </span>
    </p>
   </div>
   <div class='ocr_carea' id='block_1_7' title="bbox 16 1753 1207 1838">
    <p class='ocr_par' dir='ltr' id='par_1_7' title="bbox 16 1753 1207 1838">
     <span class='ocr_line' id='line_1_14' title="bbox 16 1753 1207 1838; baseline -0.002 -22"><span class='ocrx_word' id='word_1_104' title='bbox 16 1765 18 1774; x_wconf 68' lang='grc'>“</span> <span class='ocrx_word' id='word_1_105' title='bbox 111 1759 164 1816; x_wconf 81' lang='lat' dir='ltr'><strong>ter</strong></span> <span class='ocrx_word' id='word_1_106' title='bbox 178 1754 353 1834; x_wconf 77' lang='lat' dir='ltr'>Scylacem,</span> <span class='ocrx_word' id='word_1_107' title='bbox 372 1753 508 1816; x_wconf 83' lang='lat' dir='ltr'><strong>Plinium</strong></span> <span class='ocrx_word' id='word_1_108' title='bbox 530 1761 564 1816; x_wconf 86' lang='lat' dir='ltr'><strong>et</strong></span> <span class='ocrx_word' id='word_1_109' title='bbox 577 1753 772 1836; x_wconf 74' lang='lat' dir='ltr'><strong>Stephanum</strong></span> <span class='ocrx_word' id='word_1_110' title='bbox 785 1757 976 1818; x_wconf 84' lang='lat' dir='ltr'><strong>mentionem</strong></span> <span class='ocrx_word' id='word_1_111' title='bbox 989 1753 1104 1838; x_wconf 77' lang='lat' dir='ltr'><strong>fecisse</strong></span> <span class='ocrx_word' id='word_1_112' title='bbox 1121 1773 1207 1818; x_wconf 88' lang='lat' dir='ltr'><strong>com-</strong></span> 
     </span>
    </p>
   </div>
   <div class='ocr_carea' id='block_1_8' title="bbox 78 1859 1219 3455">
    <p class='ocr_par' dir='ltr' id='par_1_8' title="bbox 78 1859 1219 3455">
     <span class='ocr_line' id='line_1_15' title="bbox 111 1859 1208 1943; baseline -0.004 -17"><span class='ocrx_word' id='word_1_113' title='bbox 111 1860 290 1926; x_wconf 78' lang='lat' dir='ltr'><strong>memorans</strong></span> <span class='ocrx_word' id='word_1_114' title='bbox 318 1861 416 1942; x_wconf 84' lang='lat' dir='ltr'><strong>idque</strong></span> <span class='ocrx_word' id='word_1_115' title='bbox 445 1861 563 1924; x_wconf 84' lang='lat' dir='ltr'><strong>iactum</strong></span> <span class='ocrx_word' id='word_1_116' title='bbox 592 1864 637 1924; x_wconf 87' lang='lat' dir='ltr'><strong>ita</strong></span> <span class='ocrx_word' id='word_1_117' title='bbox 662 1863 841 1943; x_wconf 71' lang='lat' dir='ltr'><strong>explicant,</strong></span> <span class='ocrx_word' id='word_1_118' title='bbox 882 1867 918 1924; x_wconf 87' lang='lat' dir='ltr'><strong>ut</strong></span> <span class='ocrx_word' id='word_1_119' title='bbox 944 1861 1024 1924; x_wconf 81' lang='lat' dir='ltr'><strong>illud</strong></span> <span class='ocrx_word' id='word_1_120' title='bbox 1053 1859 1208 1942; x_wconf 86' lang='lat' dir='ltr'><strong>oppidum</strong></span> 
     </span>
     <span class='ocr_line' id='line_1_16' title="bbox 111 1968 1208 2051; baseline 0.003 -19"><span class='ocrx_word' id='word_1_121' title='bbox 111 1968 256 2051; x_wconf 80' lang='lat' dir='ltr'><strong>Scylacie</strong></span> <span class='ocrx_word' id='word_1_122' title='bbox 284 1975 388 2030; x_wconf 88' lang='lat' dir='ltr'><strong>aetate</strong></span> <span class='ocrx_word' id='word_1_123' title='bbox 409 1969 546 2031; x_wconf 88' lang='lat' dir='ltr'><strong>nondum</strong></span> <span class='ocrx_word' id='word_1_124' title='bbox 568 1969 706 2033; x_wconf 83' lang='lat' dir='ltr'><strong>dirutum</strong></span> <span class='ocrx_word' id='word_1_125' title='bbox 727 1971 854 2048; x_wconf 78' lang='lat' dir='ltr'><strong>tuimet,</strong></span> <span class='ocrx_word' id='word_1_126' title='bbox 886 1991 904 2032; x_wconf 85' lang='lat' dir='ltr'><strong>a</strong></span> <span class='ocrx_word' id='word_1_127' title='bbox 924 1969 1028 2033; x_wconf 83' lang='lat' dir='ltr'><strong>Plinio</strong></span> <span class='ocrx_word' id='word_1_128' title='bbox 1049 1974 1153 2032; x_wconf 83' lang='lat' dir='ltr'><strong>autem</strong></span> <span class='ocrx_word' id='word_1_129' title='bbox 1174 1974 1208 2035; x_wconf 80' lang='lat' dir='ltr'><strong>et</strong></span> 
     </span>
     <span class='ocr_line' id='line_1_17' title="bbox 112 2075 1207 2158; baseline -0.005 -16"><span class='ocrx_word' id='word_1_130' title='bbox 112 2077 279 2158; x_wconf 81' lang='lat' dir='ltr'><strong>Stephano</strong></span> <span class='ocrx_word' id='word_1_131' title='bbox 316 2075 488 2138; x_wconf 83' lang='lat' dir='ltr'><strong>secundum</strong></span> <span class='ocrx_word' id='word_1_132' title='bbox 523 2078 665 2158; x_wconf 84' lang='lat' dir='ltr'><strong>ipsorum</strong></span> <span class='ocrx_word' id='word_1_133' title='bbox 696 2076 954 2140; x_wconf 84' lang='lat' dir='ltr'><strong>consuetudinem</strong></span> <span class='ocrx_word' id='word_1_134' title='bbox 982 2081 1207 2138; x_wconf 77' lang='lat' dir='ltr'><strong>recenseretur</strong></span> 
     </span>
     <span class='ocr_line' id='line_1_18' title="bbox 112 2163 1207 2268; baseline -0.002 -20"><span class='ocrx_word' id='word_1_135' title='bbox 112 2187 286 2248; x_wconf 75' lang='lat' dir='ltr'><strong>etiamen·</strong></span> <span class='ocrx_word' id='word_1_136' title='bbox 307 2185 395 2247; x_wconf 84' lang='lat' dir='ltr'><strong>locos</strong></span> <span class='ocrx_word' id='word_1_137' title='bbox 417 2187 471 2265; x_wconf 89' lang='lat' dir='ltr'><strong>qui</strong></span> <span class='ocrx_word' id='word_1_138' title='bbox 499 2187 640 2266; x_wconf 82' lang='lat' dir='ltr'><strong>ipsorum</strong></span> <span class='ocrx_word' id='word_1_139' title='bbox 661 2191 764 2248; x_wconf 85' lang='lat' dir='ltr'><strong>aetate</strong></span> <span class='ocrx_word' id='word_1_140' title='bbox 785 2176 846 2247; x_wconf 89' lang='lat' dir='ltr'><strong>non</strong></span> <span class='ocrx_word' id='word_1_141' title='bbox 862 2187 929 2268; x_wconf 89' lang='lat' dir='ltr'><strong>jam</strong></span> <span class='ocrx_word' id='word_1_142' title='bbox 951 2163 1111 2248; x_wconf 80' lang='lat' dir='ltr'><strong>exstarent</strong></span> <span class='ocrx_word' id='word_1_143' title='bbox 1131 2183 1207 2246; x_wconf 85' lang='lat' dir='ltr'><strong>alle·</strong></span> 
     </span>
     <span class='ocr_line' id='line_1_19' title="bbox 78 2291 1208 2380; baseline 0 -25"><span class='ocrx_word' id='word_1_144' title='bbox 78 2376 80 2380; x_wconf 23' lang='grc' dir='ltr'>Ι</span> <span class='ocrx_word' id='word_1_145' title='bbox 111 2291 220 2375; x_wconf 75' lang='lat' dir='ltr'><strong>gandi.</strong></span> <span class='ocrx_word' id='word_1_146' title='bbox 267 2293 316 2354; x_wconf 86' lang='lat' dir='ltr'><strong>Ne</strong></span> <span class='ocrx_word' id='word_1_147' title='bbox 338 2291 497 2355; x_wconf 75' lang='lat' dir='ltr'><strong>sitentium</strong></span> <span class='ocrx_word' id='word_1_148' title='bbox 519 2299 699 2357; x_wconf 86' lang='lat' dir='ltr'><strong>ceterorum</strong></span> <span class='ocrx_word' id='word_1_149' title='bbox 726 2297 918 2376; x_wconf 76' lang='lat' dir='ltr'><strong>scriptorum</strong></span> <span class='ocrx_word' id='word_1_150' title='bbox 944 2311 983 2355; x_wconf 86' lang='lat' dir='ltr'><strong>ea</strong></span> <span class='ocrx_word' id='word_1_151' title='bbox 1004 2293 1045 2354; x_wconf 86' lang='lat' dir='ltr'><strong>de</strong></span> <span class='ocrx_word' id='word_1_152' title='bbox 1065 2292 1146 2355; x_wconf 89' lang='lat' dir='ltr'><strong>urhe</strong></span> <span class='ocrx_word' id='word_1_153' title='bbox 1168 2311 1208 2355; x_wconf 83' lang='lat' dir='ltr'><strong>ex</strong></span> 
     </span>
     <span class='ocr_line' id='line_1_20' title="bbox 112 2381 1207 2483; baseline -0.002 -19"><span class='ocrx_word' id='word_1_154' title='bbox 112 2403 218 2482; x_wconf 82' lang='lat' dir='ltr'><strong>ipaiua</strong></span> <span class='ocrx_word' id='word_1_155' title='bbox 244 2403 398 2464; x_wconf 83' lang='lat' dir='ltr'><strong>tenuitate</strong></span> <span class='ocrx_word' id='word_1_156' title='bbox 426 2381 570 2483; x_wconf 80' lang='lat' dir='ltr'><strong>repetam</strong></span> <span class='ocrx_word' id='word_1_157' title='bbox 600 2421 680 2466; x_wconf 85' lang='lat' dir='ltr'><strong>neve</strong></span> <span class='ocrx_word' id='word_1_158' title='bbox 709 2404 748 2465; x_wconf 82' lang='lat' dir='ltr'><strong>ad</strong></span> <span class='ocrx_word' id='word_1_159' title='bbox 780 2423 885 2468; x_wconf 79' lang='lat' dir='ltr'><strong>casum</strong></span> <span class='ocrx_word' id='word_1_160' title='bbox 914 2403 1029 2465; x_wconf 80' lang='lat' dir='ltr'><strong>tatibus</strong></span> <span class='ocrx_word' id='word_1_161' title='bbox 1058 2401 1091 2464; x_wconf 90' lang='lat' dir='ltr'><strong>iu</strong></span> <span class='ocrx_word' id='word_1_162' title='bbox 1111 2401 1207 2464; x_wconf 84' lang='lat' dir='ltr'><strong>rehua</strong></span> 
     </span>
     <span class='ocr_line' id='line_1_21' title="bbox 111 2497 1207 2590; baseline -0.002 -20"><span class='ocrx_word' id='word_1_163' title='bbox 111 2525 309 2590; x_wconf 70' lang='lat' dir='ltr'><strong>magnopere</strong></span> <span class='ocrx_word' id='word_1_164' title='bbox 337 2508 547 2579; x_wconf 85' lang='lat' dir='ltr'><strong>dominantem</strong></span> <span class='ocrx_word' id='word_1_165' title='bbox 568 2497 832 2588; x_wconf 79' lang='lat' dir='ltr'><strong>animadvertam,</strong></span> <span class='ocrx_word' id='word_1_166' title='bbox 859 2510 1045 2572; x_wconf 81' lang='lat' dir='ltr'><strong>Strabonem</strong></span> <span class='ocrx_word' id='word_1_167' title='bbox 1065 2509 1207 2588; x_wconf 81' lang='lat' dir='ltr'><strong>respicio</strong></span> 
     </span>
     <span class='ocr_line' id='line_1_22' title="bbox 114 2615 1207 2698; baseline -0.003 -21"><span class='ocrx_word' id='word_1_168' title='bbox 114 2616 157 2678; x_wconf 81' lang='lat' dir='ltr'><strong>de</strong></span> <span class='ocrx_word' id='word_1_169' title='bbox 178 2616 313 2678; x_wconf 87' lang='lat' dir='ltr'><strong>Homole</strong></span> <span class='ocrx_word' id='word_1_170' title='bbox 340 2617 385 2678; x_wconf 87' lang='lat' dir='ltr'><strong>ita</strong></span> <span class='ocrx_word' id='word_1_171' title='bbox 406 2617 621 2698; x_wconf 82' lang='lat' dir='ltr'><strong>eloquentem,</strong></span> <span class='ocrx_word' id='word_1_172' title='bbox 653 2623 688 2679; x_wconf 89' lang='lat' dir='ltr'><strong>ut</strong></span> <span class='ocrx_word' id='word_1_173' title='bbox 714 2619 813 2698; x_wconf 77' lang='lat' dir='ltr'><strong>magia</strong></span> <span class='ocrx_word' id='word_1_174' title='bbox 833 2621 1076 2678; x_wconf 81' lang='lat' dir='ltr'><strong>courentmeum</strong></span> <span class='ocrx_word' id='word_1_175' title='bbox 1103 2615 1145 2676; x_wconf 84' lang='lat' dir='ltr'><strong>ait</strong></span> <span class='ocrx_word' id='word_1_176' title='bbox 1165 2615 1207 2674; x_wconf 85' lang='lat' dir='ltr'><strong>de</strong></span> 
     </span>
     <span class='ocr_line' id='line_1_23' title="bbox 113 2721 1207 2806; baseline -0.003 -21"><span class='ocrx_word' id='word_1_177' title='bbox 113 2725 197 2785; x_wconf 87' lang='lat' dir='ltr'><strong>orbe</strong></span> <span class='ocrx_word' id='word_1_178' title='bbox 219 2741 317 2803; x_wconf 86' lang='lat' dir='ltr'><strong>quam·</strong></span> <span class='ocrx_word' id='word_1_179' title='bbox 332 2722 373 2786; x_wconf 87' lang='lat' dir='ltr'><strong>dc</strong></span> <span class='ocrx_word' id='word_1_180' title='bbox 390 2729 496 2786; x_wconf 90' lang='lat' dir='ltr'><strong>monte</strong></span> <span class='ocrx_word' id='word_1_181' title='bbox 517 2725 669 2806; x_wconf 81' lang='lat' dir='ltr'><strong>cogitare.</strong></span> <span class='ocrx_word' id='word_1_182' title='bbox 710 2722 831 2784; x_wconf 77' lang='lat' dir='ltr'><strong>Eadem</strong></span> <span class='ocrx_word' id='word_1_183' title='bbox 853 2740 950 2802; x_wconf 89' lang='lat' dir='ltr'><strong>porro</strong></span> <span class='ocrx_word' id='word_1_184' title='bbox 965 2721 1121 2784; x_wconf 74' lang='lat' dir='ltr'><strong>Graeciae</strong></span> <span class='ocrx_word' id='word_1_185' title='bbox 1142 2726 1207 2782; x_wconf 89' lang='lat' dir='ltr'><strong>ter-</strong></span> 
     </span>
     <span class='ocr_line' id='line_1_24' title="bbox 113 2815 1208 2910; baseline -0.002 -18"><span class='ocrx_word' id='word_1_186' title='bbox 113 2831 256 2907; x_wconf 89' lang='lat' dir='ltr'><strong>minatio,</strong></span> <span class='ocrx_word' id='word_1_187' title='bbox 276 2850 356 2910; x_wconf 87' lang='lat' dir='ltr'><strong>quae</strong></span> <span class='ocrx_word' id='word_1_188' title='bbox 369 2837 477 2894; x_wconf 80' lang='lat' dir='ltr'><strong>nostro</strong></span> <span class='ocrx_word' id='word_1_189' title='bbox 498 2831 583 2908; x_wconf 87' lang='lat' dir='ltr'><strong>loco,</strong></span> <span class='ocrx_word' id='word_1_190' title='bbox 604 2831 666 2894; x_wconf 90' lang='lat' dir='ltr'><strong>aiio</strong></span> <span class='ocrx_word' id='word_1_191' title='bbox 688 2815 814 2910; x_wconf 85' lang='lat' dir='ltr'><strong>quoqhe</strong></span> <span class='ocrx_word' id='word_1_192' title='bbox 838 2829 957 2910; x_wconf 88' lang='lat' dir='ltr'><strong>peripli</strong></span> <span class='ocrx_word' id='word_1_193' title='bbox 970 2828 1115 2908; x_wconf 86' lang='lat' dir='ltr'><strong>Scylacei</strong></span> <span class='ocrx_word' id='word_1_194' title='bbox 1135 2828 1208 2890; x_wconf 86' lang='lat' dir='ltr'><strong>luco</strong></span> 
     </span>
     <span class='ocr_line' id='line_1_25' title="bbox 113 2925 1207 3026; baseline -0.001 -27"><span class='ocrx_word' id='word_1_195' title='bbox 113 2939 279 3020; x_wconf 88' lang='lat' dir='ltr'><strong>reperitur</strong></span> <span class='ocrx_word' id='word_1_196' title='bbox 300 2939 477 3020; x_wconf 79' lang='lat' dir='ltr'><strong>cavalgata</strong></span> <span class='ocrx_word' id='word_1_197' title='bbox 496 2938 634 3002; x_wconf 85' lang='lat' dir='ltr'><strong>lectione</strong></span> <span class='ocrx_word' id='word_1_198' title='bbox 650 2939 767 3002; x_wconf 79' lang='lat' dir='ltr'><strong>hoccea</strong></span> <span class='ocrx_word' id='word_1_199' title='bbox 787 2925 886 3026; x_wconf 79' lang='grc' dir='ltr'><strong><em>μέχρι</em></strong></span> <span class='ocrx_word' id='word_1_200' title='bbox 906 2933 1061 2998; x_wconf 74' lang='grc' dir='ltr'><strong>ἐνταῦθα’</strong></span> <span class='ocrx_word' id='word_1_201' title='bbox 1084 2925 1207 3024; x_wconf 76' lang='lat' dir='ltr'><strong>(usque</strong></span> 
     </span>
     <span class='ocr_line' id='line_1_26' title="bbox 114 3035 1205 3134; baseline -0.001 -25"><span class='ocrx_word' id='word_1_202' title='bbox 114 3047 155 3109; x_wconf 86' lang='lat' dir='ltr'><strong>od</strong></span> <span class='ocrx_word' id='word_1_203' title='bbox 176 3041 398 3133; x_wconf 80' lang='lat' dir='ltr'><strong>Perrhaehoa)</strong></span> <span class='ocrx_word' id='word_1_204' title='bbox 420 3043 510 3112; x_wconf 80' lang='grc' dir='ltr'>ἐστιν</span> <span class='ocrx_word' id='word_1_205' title='bbox 530 3039 603 3110; x_wconf 77' lang='grc' dir='ltr'><strong>ἀπὸ</strong></span> <span class='ocrx_word' id='word_1_206' title='bbox 622 3045 833 3134; x_wconf 80' lang='grc' dir='ltr'><strong><em>Ἀμβρακίας</em></strong></span> <span class='ocrx_word' id='word_1_207' title='bbox 863 3035 1006 3134; x_wconf 65' lang='grc' dir='ltr'><strong><em>συνεχὴς</em></strong></span> <span class='ocrx_word' id='word_1_208' title='bbox 1034 3067 1054 3134; x_wconf 77' lang='grc' dir='ltr'><em>η</em></span> <span class='ocrx_word' id='word_1_209' title='bbox 1074 3037 1205 3120; x_wconf 78' lang='grc' dir='ltr'><strong><em>Ἑλλάς.</em></strong></span> 
     </span>
     <span class='ocr_line' id='line_1_27' title="bbox 115 3141 1208 3239; baseline 0 -23"><span class='ocrx_word' id='word_1_210' title='bbox 115 3151 277 3226; x_wconf 71' lang='grc' dir='ltr'><strong>ἐπιεικῶς</strong></span> <span class='ocrx_word' id='word_1_211' title='bbox 298 3143 339 3220; x_wconf 74' lang='grc' dir='ltr'><strong>δὲ</strong></span> <span class='ocrx_word' id='word_1_212' title='bbox 359 3154 420 3218; x_wconf 84' lang='grc' dir='ltr'><strong>καὶ</strong></span> <span class='ocrx_word' id='word_1_213' title='bbox 441 3149 504 3218; x_wconf 76' lang='grc' dir='ltr'><strong>ἐπὶ</strong></span> <span class='ocrx_word' id='word_1_214' title='bbox 514 3141 700 3218; x_wconf 75' lang='grc' dir='ltr'><strong><em>θάλατταν</em></strong></span> <span class='ocrx_word' id='word_1_215' title='bbox 713 3154 816 3219; x_wconf 73' lang='grc' dir='ltr'><strong><em>πᾶσα</em></strong></span> <span class='ocrx_word' id='word_1_216' title='bbox 827 3143 965 3216; x_wconf 73' lang='grc' dir='ltr'><strong>Ἐλλάδι</strong></span> <span class='ocrx_word' id='word_1_217' title='bbox 980 3141 1104 3239; x_wconf 83' lang='grc' dir='ltr'><strong><em>ὅμοιός</em></strong></span> <span class='ocrx_word' id='word_1_218' title='bbox 1118 3149 1208 3217; x_wconf 79' lang='grc' dir='ltr'>ἐστιν</span> 
     </span>
     <span class='ocr_line' id='line_1_28' title="bbox 116 3251 1219 3350; baseline 0.001 -28"><span class='ocrx_word' id='word_1_219' title='bbox 116 3267 150 3322; x_wconf 88' lang='lat' dir='ltr'><strong>et</strong></span> <span class='ocrx_word' id='word_1_220' title='bbox 170 3260 307 3323; x_wconf 74' lang='lat' dir='ltr'><strong>fortasse</strong></span> <span class='ocrx_word' id='word_1_221' title='bbox 334 3267 394 3324; x_wconf 77' lang='lat' dir='ltr'><strong>aut</strong></span> <span class='ocrx_word' id='word_1_222' title='bbox 409 3263 453 3344; x_wconf 84' lang='lat' dir='ltr'><strong>ita</strong></span> <span class='ocrx_word' id='word_1_223' title='bbox 474 3264 694 3326; x_wconf 74' lang='lat' dir='ltr'><strong>constituendo</strong></span> <span class='ocrx_word' id='word_1_224' title='bbox 721 3255 820 3350; x_wconf 81' lang='grc' dir='ltr'><strong><em>μέχρι</em></strong></span> <span class='ocrx_word' id='word_1_225' title='bbox 841 3255 997 3324; x_wconf 72' lang='grc' dir='ltr'><strong>ἐνταῦθα’</strong></span> <span class='ocrx_word' id='word_1_226' title='bbox 1018 3257 1111 3324; x_wconf 84' lang='grc' dir='ltr'>ἑστιν</span> <span class='ocrx_word' id='word_1_227' title='bbox 1132 3251 1219 3340; x_wconf 71' lang='grc' dir='ltr'><strong>ιιὶιτὸΙ</strong></span> 
     </span>
     <span class='ocr_line' id='line_1_29' title="bbox 111 3357 1207 3455; baseline -0.001 -27"><span class='ocrx_word' id='word_1_228' title='bbox 111 3363 326 3455; x_wconf 77' lang='grc' dir='ltr'><strong><em>Ἀμβρακίας</em></strong></span> <span class='ocrx_word' id='word_1_229' title='bbox 356 3357 498 3453; x_wconf 69' lang='grc' dir='ltr'><strong><em>συνεχὴς</em></strong></span> <span class='ocrx_word' id='word_1_230' title='bbox 526 3367 546 3455; x_wconf 75' lang='grc' dir='ltr'><strong>ρ’</strong></span> <span class='ocrx_word' id='word_1_231' title='bbox 575 3361 716 3444; x_wconf 79' lang='grc' dir='ltr'><strong><em>Ἑλλάς,</em></strong></span> <span class='ocrx_word' id='word_1_232' title='bbox 745 3365 904 3442; x_wconf 74' lang='grc' dir='ltr'><strong>ἐπιεικῶς</strong></span> <span class='ocrx_word' id='word_1_233' title='bbox 924 3359 964 3430; x_wconf 77' lang='grc' dir='ltr'><strong>δὲ</strong></span> <span class='ocrx_word' id='word_1_234' title='bbox 985 3365 1044 3432; x_wconf 83' lang='grc' dir='ltr'><strong>καὶ</strong></span> <span class='ocrx_word' id='word_1_235' title='bbox 1064 3361 1120 3432; x_wconf 78' lang='grc' dir='ltr'><strong>ἐπὶ</strong></span> <span class='ocrx_word' id='word_1_236' title='bbox 1141 3361 1207 3430; x_wconf 78' lang='grc' dir='ltr'><strong>θοί-</strong></span> 
     </span>
    </p>
   </div>
   <div class='ocr_carea' id='block_1_9' title="bbox 104 3466 1340 3562">
    <p class='ocr_par' dir='ltr' id='par_1_9' title="bbox 104 3466 1340 3562">
     <span class='ocr_line' id='line_1_30' title="bbox 104 3466 1340 3562; baseline 0.001 -26"><span class='ocrx_word' id='word_1_237' title='bbox 104 3469 262 3538; x_wconf 74' lang='grc' dir='ltr'><strong><em>,λατταα</em></strong></span> <span class='ocrx_word' id='word_1_238' title='bbox 282 3474 381 3538; x_wconf 78' lang='grc' dir='ltr'><strong><em>παῖσα</em></strong></span> <span class='ocrx_word' id='word_1_239' title='bbox 403 3467 468 3558; x_wconf 78' lang='grc' dir='ltr'><strong>γὰρ</strong></span> <span class='ocrx_word' id='word_1_240' title='bbox 479 3467 620 3539; x_wconf 78' lang='grc' dir='ltr'><strong>Ἑλλάδι</strong></span> <span class='ocrx_word' id='word_1_241' title='bbox 641 3466 766 3562; x_wconf 86' lang='grc' dir='ltr'><strong><em>ὅμοιός</em></strong></span> <span class='ocrx_word' id='word_1_242' title='bbox 787 3471 878 3539; x_wconf 78' lang='grc' dir='ltr'>ἐστιν</span> <span class='ocrx_word' id='word_1_243' title='bbox 899 3481 953 3538; x_wconf 90' lang='lat' dir='ltr'><strong>ant</strong></span> <span class='ocrx_word' id='word_1_244' title='bbox 974 3495 1046 3539; x_wconf 91' lang='lat' dir='ltr'><strong>cum</strong></span> <span class='ocrx_word' id='word_1_245' title='bbox 1062 3477 1208 3557; x_wconf 75' lang='lat' dir='ltr'><strong>superio·</strong></span> <span class='ocrx_word' id='word_1_246' title='bbox 1337 3484 1340 3494; x_wconf 91' lang='grc'><strong>’</strong></span> 
     </span>
    </p>
   </div>
   <div class='ocr_carea' id='block_1_10' title="bbox 116 3574 1209 3992">
    <p class='ocr_par' dir='ltr' id='par_1_10' title="bbox 116 3574 1209 3992">
     <span class='ocr_line' id='line_1_31' title="bbox 116 3574 1209 3668; baseline 0.002 -26"><span class='ocrx_word' id='word_1_247' title='bbox 116 3583 203 3644; x_wconf 80' lang='lat' dir='ltr'><strong>ribus</strong></span> <span class='ocrx_word' id='word_1_248' title='bbox 231 3583 322 3644; x_wconf 68' lang='lat' dir='ltr'><strong>amini</strong></span> <span class='ocrx_word' id='word_1_249' title='bbox 352 3583 436 3646; x_wconf 87' lang='lat' dir='ltr'><strong>huuc</strong></span> <span class='ocrx_word' id='word_1_250' title='bbox 467 3584 499 3645; x_wconf 90' lang='lat' dir='ltr'><strong>iu</strong></span> <span class='ocrx_word' id='word_1_251' title='bbox 520 3583 646 3646; x_wconf 82' lang='lat' dir='ltr'><strong>morium</strong></span> <span class='ocrx_word' id='word_1_252' title='bbox 677 3580 891 3647; x_wconf 76' lang='lat' dir='ltr'><strong>restituendoa</strong></span> <span class='ocrx_word' id='word_1_253' title='bbox 921 3580 958 3647; x_wconf 82' lang='grc' dir='ltr'><strong>ἐν</strong></span> <span class='ocrx_word' id='word_1_254' title='bbox 986 3588 1148 3668; x_wconf 77' lang='grc' dir='ltr'><em>μεσογείᾳ</em></span> <span class='ocrx_word' id='word_1_255' title='bbox 1169 3574 1209 3658; x_wconf 75' lang='grc' dir='ltr'><strong>δὲ</strong></span> 
     </span>
     <span class='ocr_line' id='line_1_32' title="bbox 117 3679 1208 3776; baseline 0.003 -26"><span class='ocrx_word' id='word_1_256' title='bbox 117 3685 315 3772; x_wconf 58' lang='lat' dir='ltr'><strong>inconcione</strong></span> <span class='ocrx_word' id='word_1_257' title='bbox 346 3679 451 3770; x_wconf 67' lang='grc' dir='ltr'><strong><em>ἔθνος</em></strong></span> <span class='ocrx_word' id='word_1_258' title='bbox 478 3685 682 3776; x_wconf 68' lang='grc' dir='ltr'><strong><em>Περραιβοὶ.</em></strong></span> <span class='ocrx_word' id='word_1_259' title='bbox 726 3681 883 3776; x_wconf 73' lang='grc' dir='ltr'><strong><em>Ἕλληνες</em></strong></span> <span class='ocrx_word' id='word_1_260' title='bbox 911 3681 1013 3776; x_wconf 73' lang='grc' dir='ltr'><strong><em>μέχρι</em></strong></span> <span class='ocrx_word' id='word_1_261' title='bbox 1040 3687 1208 3766; x_wconf 74' lang='grc' dir='ltr'><strong><em>ἐνταῦθα,</em></strong></span> 
     </span>
     <span class='ocr_line' id='line_1_33' title="bbox 117 3787 1208 3886; baseline 0.001 -28"><span class='ocrx_word' id='word_1_262' title='bbox 117 3791 273 3880; x_wconf 63' lang='lat' dir='ltr'><strong>chartreir</strong></span> <span class='ocrx_word' id='word_1_263' title='bbox 295 3787 336 3859; x_wconf 75' lang='grc' dir='ltr'><strong>δὲ</strong></span> <span class='ocrx_word' id='word_1_264' title='bbox 355 3793 413 3860; x_wconf 76' lang='grc' dir='ltr'><strong>καὶ</strong></span> <span class='ocrx_word' id='word_1_265' title='bbox 433 3793 490 3860; x_wconf 75' lang='grc' dir='ltr'><strong>ἐπὶ</strong></span> <span class='ocrx_word' id='word_1_266' title='bbox 510 3790 705 3862; x_wconf 75' lang='grc' dir='ltr'><strong><em>θάλατταν.</em></strong></span> <span class='ocrx_word' id='word_1_267' title='bbox 735 3797 836 3862; x_wconf 81' lang='grc' dir='ltr'><strong><em>παῖσα</em></strong></span> <span class='ocrx_word' id='word_1_268' title='bbox 857 3788 895 3860; x_wconf 78' lang='grc' dir='ltr'><strong>δὲ</strong></span> <span class='ocrx_word' id='word_1_269' title='bbox 911 3791 1054 3861; x_wconf 82' lang='grc' dir='ltr'><strong><em>Ἑλλάδι</em></strong></span> <span class='ocrx_word' id='word_1_270' title='bbox 1076 3787 1208 3886; x_wconf 77' lang='grc' dir='ltr'><strong><em>ὅμορός</em></strong></span> 
     </span>
     <span class='ocr_line' id='line_1_34' title="bbox 118 3893 1208 3992; baseline 0.007 -28"><span class='ocrx_word' id='word_1_271' title='bbox 118 3897 190 3966; x_wconf 75' lang='grc' dir='ltr'><strong>ἐστι</strong></span> <span class='ocrx_word' id='word_1_272' title='bbox 224 3907 281 3968; x_wconf 80' lang='grc' dir='ltr'><strong>καὶ</strong></span> <span class='ocrx_word' id='word_1_273' title='bbox 310 3893 383 3967; x_wconf 81' lang='grc' dir='ltr'><strong>ἀπὸ</strong></span> <span class='ocrx_word' id='word_1_274' title='bbox 408 3896 621 3990; x_wconf 62' lang='grc' dir='ltr'><strong><em>Ἀμβρακίας</em></strong></span> <span class='ocrx_word' id='word_1_275' title='bbox 653 3894 794 3988; x_wconf 72' lang='grc' dir='ltr'><strong><em>συνοχῆς</em></strong></span> <span class='ocrx_word' id='word_1_276' title='bbox 819 3899 839 3992; x_wconf 76' lang='grc' dir='ltr'><em>ἡ</em></span> <span class='ocrx_word' id='word_1_277' title='bbox 865 3896 1003 3980; x_wconf 77' lang='grc' dir='ltr'><strong><em>Ἕλλας.</em></strong></span> <span class='ocrx_word' id='word_1_278' title='bbox 1057 3905 1108 3970; x_wconf 73' lang='lat' dir='ltr'><strong>Ab.</strong></span> <span class='ocrx_word' id='word_1_279' title='bbox 1136 3905 1208 3986; x_wconf 81' lang='lat' dir='ltr'><strong>ipro</strong></span> 
     </span>
    </p>
   </div>
   <div class='ocr_carea' id='block_1_11' title="bbox 16 4012 1223 4096">
    <p class='ocr_par' dir='ltr' id='par_1_11' title="bbox 16 4012 1223 4096">
     <span class='ocr_line' id='line_1_35' title="bbox 16 4012 1223 4096; baseline 0.004 -26"><span class='ocrx_word' id='word_1_280' title='bbox 16 4013 28 4070; x_wconf 60' lang='lat'><strong>¹.</strong></span> <span class='ocrx_word' id='word_1_281' title='bbox 117 4018 220 4073; x_wconf 88' lang='lat' dir='ltr'><strong>autern</strong></span> <span class='ocrx_word' id='word_1_282' title='bbox 240 4012 292 4075; x_wconf 84' lang='lat' dir='ltr'><strong>rel</strong></span> <span class='ocrx_word' id='word_1_283' title='bbox 311 4013 422 4075; x_wconf 77' lang='lat' dir='ltr'><strong>saltem</strong></span> <span class='ocrx_word' id='word_1_284' title='bbox 442 4031 481 4074; x_wconf 76' lang='lat' dir='ltr'><strong>en</strong></span> <span class='ocrx_word' id='word_1_285' title='bbox 501 4015 573 4096; x_wconf 82' lang='lat' dir='ltr'><strong>ipso</strong></span> <span class='ocrx_word' id='word_1_286' title='bbox 593 4013 790 4078; x_wconf 84' lang='lat' dir='ltr'><strong>Dicaearcho</strong></span> <span class='ocrx_word' id='word_1_287' title='bbox 810 4013 953 4088; x_wconf 77' lang='lat' dir='ltr'><strong>Phileas,</strong></span> <span class='ocrx_word' id='word_1_288' title='bbox 985 4031 1047 4094; x_wconf 88' lang='lat' dir='ltr'><strong>quo</strong></span> <span class='ocrx_word' id='word_1_289' title='bbox 1070 4012 1110 4074; x_wconf 86' lang='lat' dir='ltr'><strong>de</strong></span> <span class='ocrx_word' id='word_1_290' title='bbox 1130 4021 1223 4094; x_wconf 71' lang='lat' dir='ltr'><strong>&#39;geo-¹</strong></span> 
     </span>
    </p>
   </div>
   <div class='ocr_carea' id='block_1_12' title="bbox 118 4119 1211 4312">
    <p class='ocr_par' dir='ltr' id='par_1_12' title="bbox 118 4119 1211 4312">
     <span class='ocr_line' id='line_1_36' title="bbox 118 4119 1208 4216; baseline 0.006 -40"><span class='ocrx_word' id='word_1_291' title='bbox 118 4119 238 4199; x_wconf 80' lang='lat' dir='ltr'><strong>grapho</strong></span> <span class='ocrx_word' id='word_1_292' title='bbox 260 4120 407 4182; x_wconf 89' lang='lat' dir='ltr'><strong>nonnulla</strong></span> <span class='ocrx_word' id='word_1_293' title='bbox 427 4121 459 4182; x_wconf 90' lang='lat' dir='ltr'><strong>in</strong></span> <span class='ocrx_word' id='word_1_294' title='bbox 481 4119 701 4184; x_wconf 84' lang='lat' dir='ltr'><strong>diarertatione</strong></span> <span class='ocrx_word' id='word_1_295' title='bbox 721 4121 854 4216; x_wconf 29' lang='lat' dir='ltr'><strong>meaede</strong></span> <span class='ocrx_word' id='word_1_296' title='bbox 872 4121 994 4202; x_wconf 77' lang='lat' dir='ltr'><strong>Pythea</strong></span> <span class='ocrx_word' id='word_1_297' title='bbox 1016 4119 1083 4200; x_wconf 77' lang='lat' dir='ltr'><strong>ph</strong></span> <span class='ocrx_word' id='word_1_298' title='bbox 1104 4119 1208 4182; x_wconf 81' lang='lat' dir='ltr'><strong>obiter</strong></span> 
     </span>
     <span class='ocr_line' id='line_1_37' title="bbox 119 4227 1211 4312; baseline 0.005 -28"><span class='ocrx_word' id='word_1_299' title='bbox 119 4227 339 4306; x_wconf 80' lang='lat' dir='ltr'><strong>maritarunt,</strong></span> <span class='ocrx_word' id='word_1_300' title='bbox 367 4230 563 4292; x_wconf 85' lang='lat' dir='ltr'><strong>accuratiora</strong></span> <span class='ocrx_word' id='word_1_301' title='bbox 592 4231 629 4292; x_wconf 90' lang='lat' dir='ltr'><strong>ah</strong></span> <span class='ocrx_word' id='word_1_302' title='bbox 652 4230 775 4294; x_wconf 84' lang='grc' dir='ltr'>Οιιιιιιιο</span> <span class='ocrx_word' id='word_1_303' title='bbox 797 4234 1009 4312; x_wconf 85' lang='lat' dir='ltr'><strong>praeceptore</strong></span> <span class='ocrx_word' id='word_1_304' title='bbox 1041 4228 1095 4310; x_wconf 91' lang='lat' dir='ltr'><strong>pic</strong></span> <span class='ocrx_word' id='word_1_305' title='bbox 1115 4244 1211 4290; x_wconf 85' lang='lat' dir='ltr'><strong>reve-</strong></span> 
     </span>
    </p>
   </div>
   <div class='ocr_carea' id='block_1_13' title="bbox 0 0 1380 4718">
    <p class='ocr_par' dir='ltr' id='par_1_13' title="bbox 0 0 1380 4718">
     <span class='ocr_line' id='line_1_38' title="bbox 0 0 1380 4718; baseline 0 0"><span class='ocrx_word' id='word_1_306' title='bbox 0 0 1380 4718; x_wconf 95' lang='lat' dir='ltr'><strong> </strong></span> 
     </span>
    </p>
   </div>
  </div>
 </body>
</html>
