2716 4724
421 296 789 378 moti-e·-

86 498 176 568 aostro
196 498 228 556 et
247 511 340 578 poem
356 495 422 576 jam
443 493 575 575 allegari
596 494 767 574 posteriori
795 471 866 553 ioco
895 507 945 554 eo.
962 491 1065 554 mtnos
1093 509 1149 571 spa

86 595 204 681 probare
225 600 393 678 debuerat,
418 589 503 682 qnod
522 601 608 686 nnita
628 599 811 683 corrigendi
831 601 1002 662 necessitas
1022 586 1151 678 alemon-

86 709 164 770 strari
182 713 285 789 potest
306 714 339 769 et
355 708 438 789 qaod
455 729 525 770 eum
539 709 572 770 in
586 727 710 770 sensnm
721 704 914 794 Ἀθηναίοις
928 703 1151 792 (Ἀθηναίων)

87 811 139 878 εἰσὶ
158 797 327 901 ἆύμμαχοι
347 819 453 897 potius
483 836 575 896 qoam
598 811 791 904 Ἀθηναίοις
820 809 883 876 εἰσὶ
910 811 1041 900 βοηθοὶ
1068 813 1153 880 desi·-

87 923 243 986 icrabatar.
276 924 438 1004 Equidem
461 924 609 1004 deniqne,
631 943 804 1004 quanquam
824 929 961 1001 utroque
981 922 1052 982 loco
1073 919 1153 982 nihii
1195 973 1198 981 .

86 1032 252 1093 mutandam·
266 1049 335 1092 esse
356 1051 471 1094 censeo
493 1035 594 1107 causis
609 1035 677 1116 jam
697 1035 823 1114 saepius
844 1033 995 1112 expositis
1016 1049 1154 1111 commo·
1229 1097 1231 1102 ¹

86 1144 138 1214 tos,
167 1133 375 1219 suspicionem
403 1145 507 1202 tamen
535 1159 616 1220 quae
643 1141 809 1220 aliqnando
830 1145 966 1201 mentem
988 1140 1155 1220 occupavit

86 1245 190 1306 silentio
219 1249 345 1327 penitus
373 1249 631 1328 praetermittere
661 1247 757 1309 noini.
806 1247 884 1329 Ejus
911 1247 991 1322 loci,
1027 1247 1081 1308 ubi
1112 1245 1154 1306 de

86 1350 299 1414 Plataeeaaibos
320 1371 423 1416 sermo
445 1360 505 1427 est,
527 1360 560 1416 et
579 1349 672 1437 hujus
692 1356 793 1418 nostri
814 1361 923 1417 natura
946 1354 1070 1415 diversa
1084 1371 1154 1414 esse

87 1457 148 1518 nihi
174 1459 353 1535 videbator,
387 1481 483 1541 qnam
514 1464 613 1525 altero
636 1458 847 1546 ἀρνούμενοι
868 1453 950 1537 τούς
970 1448 1156 1536 Βοιωτόῦς

88 1569 278 1642 praecesserit
308 1573 342 1628 et
366 1564 542 1650 Ἀθηναῖοι
571 1589 693 1647 avoce
713 1567 873 1634 Βοιωτοί
899 1563 1177 1652 ιεριιιῑιιιιιιίῒ,,

89 1671 169 1734 altero
188 1670 357 1756 atramque
379 1655 553 1738 arctissime
573 1677 657 1740 inter
677 1697 712 1768 se
726 1666 944 1760 conjungatur,
964 1678 1047 1739 nulia
1061 1677 1167 1764 piane⁸

89 1779 135 1840 aiio
156 1799 190 1842 re
216 1781 355 1863 adjecto,
386 1783 431 1842 its
460 1789 496 1844 nt
524 1782 670 1844 dubitare
697 1783 810 1872 iiceat,
839 1780 877 1845 ain
903 1783 1040 1862 aterque
1067 1767 1156 1844 iocus

90 1886 201 1948 modom
220 1883 346 1951 sensum
368 1889 493 1951 habeat.
520 1881 714 1975 ¹¹Praeterea
734 1890 956 1972 inquirendum
978 1909 1047 1952 esse
1069 1892 1157 1972 cogi·

89 1993 187 2085 tabam,
206 2015 309 2058 annon
331 1997 497 2060 dicendum
519 1999 625 2078 potius
646 1999 758 2060 inisset
775 1993 1157 2087 an‘ipvaao-Botw'aoi

90 2105 180 2180 atquc,
205 2110 240 2166 nt
263 2105 358 2193 ctiam
378 2105 456 2166 iliud
477 2106 720 2196 locumhabere
740 2107 909 2186 potuisset,
937 2124 1038 2167 annon
1059 2105 1158 2167 coilo·

90 2213 168 2274 canda
194 2215 237 2276 ita
253 2215 403 2279 ,fuissent
431 2215 526 2274 verba
553 2209 710 2279 Βοιωτοὶ
737 2207 923 2301 Ἀθηναῖοι.
971 2214 1019 2276 lta
1038 2212 1157 2274 iactam

91 2326 139 2397 eat,
167 2329 203 2392 ⁴at
223 2323 452 2386 Dicaearchum
471 2327 574 2409 'atque
602 2321 681 2384 adeo
710 2323 778 2404 ejus
806 2302 1028 2402 excerptorem
1054 2321 1158 2402 priori

89 2427 144 2490 loco
164 2430 279 2494 dixisse
306 2418 485 2512 suspicarer
513 2421 725 2512 ἀρνούμενοι
753 2412 830 2500 τοὺς
850 2418 1035 2500 Βοιωτοὺς
1052 2423 1156 2515 Ἀθη·
1200 2496 1203 2503 ,

91 2534 165 2596 coici
183 2536 258 2613 εἰσι,
282 2541 453 2620 posteriori
474 2545 579 2600 autem
600 2526 890 2614 ‹ie-Plataeensious
911 2533 978 2598 εἰσὶ
999 2524 1038 2596 oi
1055 2528 1156 2620 ’Atq-

90 2645 166 2700 ναῖοι
184 2642 293 2732 iique,
313 2650 349 2704 ut
370 2663 440 2706 eam
460 2643 563 2706 Gaiiio
584 2649 731 2706 statuere⁴
743 2644 844 2719 libuit,
866 2644 1061 2724 camelique
1082 2662 1158 2708 con·

89 2747 183 2810 temtos
199 2756 284 2827 nota,
304 2752 351 2812 nti
371 2753 398 2813 si
420 2751 461 2812 dc
474 2735 736 2824 incolisiiasaiac
750 2748 919 2828 litteram
940 2770 996 2842 sen
1011 2752 1159 2832 jocanter

90 2867 132 2914 ten
148 2875 255 2940 revera
278 2859 444 2921 credentes
463 2859 629 2934 vernacula
651 2859 842 2920 diceremnsr
878 2861 931 2939 „et
951 2855 1012 2938 1ῑηῦ
1034 2857 1158 2940 &tantos

90 2957 155 3032 inst
200 2967 381 3028 Librariom
417 2965 554 3046 deniqne
591 2966 742 3054 aliquem,
782 2963 968 3027 Dicaearchi
1003 2965 1159 3025 sententia
1219 2991 1224 2999 ·

91 3083 181 3144 param
208 3079 396 3154 perspecta,
435 3052 619 3154 corrigendi
645 3073 697 3134 vel
725 3073 819 3134 etiam
849 3065 1012 3134 dubitandi
1038 3077 1158 3132 tantam

90 3190 163 3240 cansa
182 3180 335 3242 alterutro
356 3181 406 3242 vel
426 3185 562 3260 atroque
582 3181 654 3242 loco
675 3161 715 3242 aa
735 3181 907 3261 marginem
923 3173 1082 3242 Βοιωτοί
1103 3178 1159 3240 ad·

91 3285 237 3365 scripsisse
269 3291 377 3369 itaque
407 3288 468 3350 hoo
498 3287 681 3376 vocabulum
712 3288 745 3350 in
773 3293 859 3350 texta
886 3287 1055 3368 irrepsisse
1083 3281 1191 3348 oon-'¹

90 3387 227 3467 liciebam.
739 3387 740 3391 ¹

157 3500 198 3564 oi
220 3495 587 3581 στίχοιἘένωνος.
630 3501 749 3582 Quibus
771 3501 811 3562 dc
830 3499 937 3563 verbis
956 3499 1159 3564 Bottmaonua

91 3609 250 3672 rectissime
279 3610 520 3690 eandem-qnae
540 3611 608 3693 jam
635 3627 731 3691 snpra
752 3608 965 3678 animadversa
984 3615 1068 3671 esset
1088 3629 1159 3672 ora-

91 3709 168 3777 tionis
188 3717 421 3792 deformitatem
443 3735 512 3780 essa
532 3715 684 3800 judicavit
705 3715 942 3796 compilatorem
965 3715 1159 3810 clamantem,

91 3823 238 3906 puticulis
260 3845 385 3906 qnoque
407 3828 528 3888 omissis
549 3807 684 3888 orationi
704 3825 899 3886 necessariis.
937 3823 1047 3888 Xenon
1068 3827 1160 3906 peni·

91 3927 131 3986 tos
149 3930 271 4009 ignotus
291 3939 354 4010 est,
389 3935 449 3996 nisi
479 3935 562 4014 quod
592 3936 738 3998 comicas-
758 3937 853 4016 pocta
872 3934 970 3996 inisse
992 3934 1160 4014 conjicitor

93 4029 125 4090 ti·
144 4033 228 4099 Grot
249 4041 282 4102 in
303 4049 459 4123 excerptt.
481 4049 514 4104 et
534 4043 574 4104 ad
595 4044 670 4105 Lac.
691 4044 748 4119 111,
769 4042 811 4104 la
831 4048 865 4104 at
884 4042 924 4102 H.
945 4039 1055 4120 Steph.
1075 4038 1097 4099 1.
1107 4037 1158 4101 Vi.

93 4137 261 4236 miletium.
281 4165 309 4210 c.
330 4147 381 4227 17,
402 4167 522 4230 neque,
541 4155 577 4212 nt
597 4151 674 4213 mihi
696 4151 823 4231 quidem
844 4145 983 4224 videtur,
1004 4144 1160 4208 immerito

96 4257 150 4312 itm
168 4255 360 4334 potissimum
376 4257 416 4322 ob
431 4275 565 4336 oausamq
586 4257 671 4340 quod
684 4259 785 4324 ceteri
798 4259 830 4322 in
844 4257 905 4320 hac
918 4249 1160 4318 Dicaearcticna
1203 4325 1206 4328 ‚
1244 4250 1246 4254 ’

856 4369 1051 4440 ¹iti.
