<?xml version="1.0" encoding="UTF-8"?>
<!DOCTYPE html PUBLIC "-//W3C//DTD XHTML 1.0 Transitional//EN"
    "http://www.w3.org/TR/xhtml1/DTD/xhtml1-transitional.dtd">
<html xmlns="http://www.w3.org/1999/xhtml" xml:lang="en" lang="en">
 <head>
  <title>
</title>
<meta http-equiv="Content-Type" content="text/html;charset=utf-8" />
  <meta name='ocr-system' content='tesseract 3.04.00' />
  <meta name='ocr-capabilities' content='ocr_page ocr_carea ocr_par ocr_line ocrx_word'/>
</head>
<body>
  <div class='ocr_page' id='page_1' title='image "./dicaearchimesse00fuhrgoog_0470.png"; bbox 0 0 2728 4720; ppageno 0'>
   <div class='ocr_carea' id='block_1_1' title="bbox 480 251 851 334">
    <p class='ocr_par' dir='ltr' id='par_1_1' title="bbox 480 251 851 334">
     <span class='ocr_line' id='line_1_1' title="bbox 480 251 851 334; baseline 0.011 -3"><span class='ocrx_word' id='word_1_1' title='bbox 480 251 851 334; x_wconf 50' lang='lat'>*455*-</span> 
     </span>
    </p>
   </div>
   <div class='ocr_carea' id='block_1_2' title="bbox 109 423 1213 968">
    <p class='ocr_par' dir='ltr' id='par_1_2' title="bbox 109 423 1213 968">
     <span class='ocr_line' id='line_1_2' title="bbox 120 423 1212 541; baseline 0.004 -28"><span class='ocrx_word' id='word_1_2' title='bbox 120 449 234 529; x_wconf 82' lang='lat' dir='ltr'><strong>tionis,</strong></span> <span class='ocrx_word' id='word_1_3' title='bbox 264 449 345 514; x_wconf 86' lang='lat' dir='ltr'><strong>altar</strong></span> <span class='ocrx_word' id='word_1_4' title='bbox 371 450 511 514; x_wconf 82' lang='lat' dir='ltr'><strong>nnmerlr</strong></span> <span class='ocrx_word' id='word_1_5' title='bbox 538 433 707 518; x_wconf 83' lang='lat' dir='ltr'><strong>adstrictas</strong></span> <span class='ocrx_word' id='word_1_6' title='bbox 728 443 856 541; x_wconf 75' lang='lat' dir='ltr'><strong>(forsan</strong></span> <span class='ocrx_word' id='word_1_7' title='bbox 878 423 1212 532; x_wconf 66' lang='lat' dir='ltr'><strong>prorathhaerrchi</strong></span> 
     </span>
     <span class='ocr_line' id='line_1_3' title="bbox 109 559 1213 642; baseline 0.001 -21"><span class='ocrx_word' id='word_1_8' title='bbox 109 561 296 623; x_wconf 72' lang='lat' dir='ltr'><strong>&#39;cretionem</strong></span> <span class='ocrx_word' id='word_1_9' title='bbox 317 560 431 640; x_wconf 81' lang='lat' dir='ltr'><strong>aliquis</strong></span> <span class='ocrx_word' id='word_1_10' title='bbox 450 559 615 622; x_wconf 78' lang='lat' dir='ltr'><strong>includere</strong></span> <span class='ocrx_word' id='word_1_11' title='bbox 629 559 764 641; x_wconf 87' lang='lat' dir='ltr'><strong>pedibus</strong></span> <span class='ocrx_word' id='word_1_12' title='bbox 784 560 893 637; x_wconf 79' lang='lat' dir='ltr'><strong>voluit,</strong></span> <span class='ocrx_word' id='word_1_13' title='bbox 912 561 970 622; x_wconf 88' lang='lat' dir='ltr'><strong>sed</strong></span> <span class='ocrx_word' id='word_1_14' title='bbox 992 581 1072 642; x_wconf 88' lang='lat' dir='ltr'><strong>opns</strong></span> <span class='ocrx_word' id='word_1_15' title='bbox 1093 565 1213 642; x_wconf 88' lang='lat' dir='ltr'><strong>imper·</strong></span> 
     </span>
     <span class='ocr_line' id='line_1_4' title="bbox 120 660 1212 754; baseline 0.007 -30"><span class='ocrx_word' id='word_1_16' title='bbox 120 663 241 730; x_wconf 84' lang='lat' dir='ltr'><strong>lectam</strong></span> <span class='ocrx_word' id='word_1_17' title='bbox 262 660 433 754; x_wconf 86' lang='lat' dir='ltr'><strong>reliquit);</strong></span> <span class='ocrx_word' id='word_1_18' title='bbox 461 662 506 752; x_wconf 81' lang='lat'><strong>2)</strong></span> <span class='ocrx_word' id='word_1_19' title='bbox 529 665 613 747; x_wconf 87' lang='lat' dir='ltr'><strong>quod</strong></span> <span class='ocrx_word' id='word_1_20' title='bbox 641 667 704 729; x_wconf 88' lang='lat' dir='ltr'><strong>sint</strong></span> <span class='ocrx_word' id='word_1_21' title='bbox 724 684 832 728; x_wconf 78' lang='lat' dir='ltr'><strong>versus</strong></span> <span class='ocrx_word' id='word_1_22' title='bbox 854 673 925 728; x_wconf 88' lang='lat' dir='ltr'><strong>ante</strong></span> <span class='ocrx_word' id='word_1_23' title='bbox 947 686 1072 748; x_wconf 89' lang='lat' dir='ltr'><strong>prosam</strong></span> <span class='ocrx_word' id='word_1_24' title='bbox 1094 673 1212 732; x_wconf 89' lang='lat' dir='ltr'><strong>oratio-</strong></span> 
     </span>
     <span class='ocr_line' id='line_1_5' title="bbox 121 767 1213 856; baseline 0.004 -19"><span class='ocrx_word' id='word_1_25' title='bbox 121 795 193 838; x_wconf 91' lang='lat' dir='ltr'><strong>nem</strong></span> <span class='ocrx_word' id='word_1_26' title='bbox 215 775 365 856; x_wconf 86' lang='lat' dir='ltr'><strong>ponendi.</strong></span> <span class='ocrx_word' id='word_1_27' title='bbox 412 775 482 856; x_wconf 77' lang='lat' dir='ltr'><strong>Ego</strong></span> <span class='ocrx_word' id='word_1_28' title='bbox 504 767 604 856; x_wconf 90' lang='lat' dir='ltr'><strong>quum</strong></span> <span class='ocrx_word' id='word_1_29' title='bbox 619 775 698 836; x_wconf 87' lang='lat' dir='ltr'><strong>baec</strong></span> <span class='ocrx_word' id='word_1_30' title='bbox 719 773 967 856; x_wconf 80' lang='lat' dir='ltr'>perpenderem,</span> <span class='ocrx_word' id='word_1_31' title='bbox 996 777 1138 842; x_wconf 87' lang='lat' dir='ltr'><strong>Hndsoni</strong></span> <span class='ocrx_word' id='word_1_32' title='bbox 1161 800 1213 842; x_wconf 92' lang='lat' dir='ltr'><strong>or·</strong></span> 
     </span>
     <span class='ocr_line' id='line_1_6' title="bbox 122 871 1213 968; baseline 0.004 -23"><span class='ocrx_word' id='word_1_33' title='bbox 122 883 227 946; x_wconf 87' lang='lat' dir='ltr'><strong>dinem</strong></span> <span class='ocrx_word' id='word_1_34' title='bbox 248 885 320 946; x_wconf 83' lang='lat' dir='ltr'><strong>iere</strong></span> <span class='ocrx_word' id='word_1_35' title='bbox 340 875 467 947; x_wconf 85' lang='lat' dir='ltr'><strong>secutus</strong></span> <span class='ocrx_word' id='word_1_36' title='bbox 487 901 564 946; x_wconf 85' lang='lat' dir='ltr'><strong>sum.</strong></span> <span class='ocrx_word' id='word_1_37' title='bbox 613 882 676 946; x_wconf 85' lang='lat' dir='ltr'><strong>Sed</strong></span> <span class='ocrx_word' id='word_1_38' title='bbox 698 883 867 944; x_wconf 88' lang='lat' dir='ltr'><strong>insularum</strong></span> <span class='ocrx_word' id='word_1_39' title='bbox 888 871 985 946; x_wconf 75' lang='grc' dir='ltr'>θέσιν</span> <span class='ocrx_word' id='word_1_40' title='bbox 1007 904 1089 965; x_wconf 91' lang='lat' dir='ltr'><strong>pone</strong></span> <span class='ocrx_word' id='word_1_41' title='bbox 1111 908 1213 968; x_wconf 91' lang='lat' dir='ltr'><strong>appo-</strong></span> 
     </span>
    </p>
   </div>
   <div class='ocr_carea' id='block_1_3' title="bbox 120 993 1324 1074">
    <p class='ocr_par' dir='ltr' id='par_1_3' title="bbox 120 993 1324 1074">
     <span class='ocr_line' id='line_1_7' title="bbox 120 993 1324 1074; baseline 0.002 -19"><span class='ocrx_word' id='word_1_42' title='bbox 120 994 188 1072; x_wconf 85' lang='lat' dir='ltr'><strong>sni,</strong></span> <span class='ocrx_word' id='word_1_43' title='bbox 215 999 250 1055; x_wconf 89' lang='lat' dir='ltr'><strong>nt</strong></span> <span class='ocrx_word' id='word_1_44' title='bbox 278 1011 353 1074; x_wconf 82' lang='lat' dir='ltr'><strong>pars</strong></span> <span class='ocrx_word' id='word_1_45' title='bbox 380 993 490 1074; x_wconf 89' lang='lat' dir='ltr'><strong>operis</strong></span> <span class='ocrx_word' id='word_1_46' title='bbox 515 993 648 1054; x_wconf 88' lang='lat' dir='ltr'><strong>metrica</strong></span> <span class='ocrx_word' id='word_1_47' title='bbox 668 1009 730 1052; x_wconf 90' lang='lat' dir='ltr'><strong>nno</strong></span> <span class='ocrx_word' id='word_1_48' title='bbox 751 997 864 1052; x_wconf 86' lang='lat' dir='ltr'><strong>tenore</strong></span> <span class='ocrx_word' id='word_1_49' title='bbox 884 997 1051 1054; x_wconf 87' lang='lat' dir='ltr'><strong>constaret.</strong></span> <span class='ocrx_word' id='word_1_50' title='bbox 1102 995 1213 1057; x_wconf 79' lang='lat' dir='ltr'><strong>Posuit</strong></span> <span class='ocrx_word' id='word_1_51' title='bbox 1321 999 1324 1014; x_wconf 66' lang='lat'><em>¹</em></span> 
     </span>
    </p>
   </div>
   <div class='ocr_carea' id='block_1_4' title="bbox 119 1101 1212 1510">
    <p class='ocr_par' dir='ltr' id='par_1_4' title="bbox 119 1101 1212 1510">
     <span class='ocr_line' id='line_1_8' title="bbox 120 1101 1212 1186; baseline 0.002 -21"><span class='ocrx_word' id='word_1_52' title='bbox 120 1110 231 1165; x_wconf 89' lang='lat' dir='ltr'><strong>contra</strong></span> <span class='ocrx_word' id='word_1_53' title='bbox 259 1103 400 1166; x_wconf 85' lang='lat' dir='ltr'><strong>Marxius</strong></span> <span class='ocrx_word' id='word_1_54' title='bbox 427 1101 466 1163; x_wconf 90' lang='lat' dir='ltr'><strong>ad</strong></span> <span class='ocrx_word' id='word_1_55' title='bbox 495 1102 618 1164; x_wconf 91' lang='lat' dir='ltr'><strong>initium</strong></span> <span class='ocrx_word' id='word_1_56' title='bbox 644 1101 876 1186; x_wconf 15' lang='lat' dir='ltr'><strong>illumvatticae</strong></span> <span class='ocrx_word' id='word_1_57' title='bbox 905 1103 1150 1182; x_wconf 78' lang='lat' dir='ltr'><strong>descriptionem</strong></span> <span class='ocrx_word' id='word_1_58' title='bbox 1179 1113 1212 1168; x_wconf 87' lang='lat' dir='ltr'><strong>ct</strong></span> 
     </span>
     <span class='ocr_line' id='line_1_9' title="bbox 120 1209 1212 1294; baseline 0.002 -21"><span class='ocrx_word' id='word_1_59' title='bbox 120 1215 281 1276; x_wconf 85' lang='lat' dir='ltr'><strong>metricum</strong></span> <span class='ocrx_word' id='word_1_60' title='bbox 304 1216 428 1292; x_wconf 88' lang='lat' dir='ltr'><strong>partem</strong></span> <span class='ocrx_word' id='word_1_61' title='bbox 448 1209 506 1272; x_wconf 90' lang='lat' dir='ltr'><strong>snb</strong></span> <span class='ocrx_word' id='word_1_62' title='bbox 526 1210 620 1271; x_wconf 84' lang='lat' dir='ltr'><strong>finem</strong></span> <span class='ocrx_word' id='word_1_63' title='bbox 635 1209 792 1292; x_wconf 67' lang='lat' dir='ltr'><strong>adnexuit</strong></span> <span class='ocrx_word' id='word_1_64' title='bbox 833 1209 898 1271; x_wconf 91' lang='lat' dir='ltr'><strong>Sed</strong></span> <span class='ocrx_word' id='word_1_65' title='bbox 920 1211 1003 1274; x_wconf 88' lang='lat' dir='ltr'><strong>alind</strong></span> <span class='ocrx_word' id='word_1_66' title='bbox 1019 1213 1051 1272; x_wconf 95' lang='lat' dir='ltr'><strong>id</strong></span> <span class='ocrx_word' id='word_1_67' title='bbox 1074 1220 1123 1274; x_wconf 89' lang='lat' dir='ltr'><strong>cst</strong></span> <span class='ocrx_word' id='word_1_68' title='bbox 1136 1225 1212 1294; x_wconf 79' lang='lat' dir='ltr'><strong>per-&#39;</strong></span> 
     </span>
     <span class='ocr_line' id='line_1_10' title="bbox 119 1317 1211 1400; baseline 0 -18"><span class='ocrx_word' id='word_1_69' title='bbox 119 1321 307 1382; x_wconf 74' lang='lat' dir='ltr'><strong>turbationis</strong></span> <span class='ocrx_word' id='word_1_70' title='bbox 336 1336 453 1400; x_wconf 85' lang='lat' dir='ltr'><strong>genus,</strong></span> <span class='ocrx_word' id='word_1_71' title='bbox 481 1336 575 1397; x_wconf 88' lang='lat' dir='ltr'><strong>quam</strong></span> <span class='ocrx_word' id='word_1_72' title='bbox 603 1317 777 1397; x_wconf 86' lang='lat' dir='ltr'><strong>ingressum</strong></span> <span class='ocrx_word' id='word_1_73' title='bbox 806 1319 914 1398; x_wconf 91' lang='lat' dir='ltr'><strong>operis</strong></span> <span class='ocrx_word' id='word_1_74' title='bbox 944 1319 1037 1379; x_wconf 89' lang='lat' dir='ltr'><strong>linem</strong></span> <span class='ocrx_word' id='word_1_75' title='bbox 1065 1319 1211 1382; x_wconf 84' lang='lat' dir='ltr'><strong>fecerit.“</strong></span> 
     </span>
     <span class='ocr_line' id='line_1_11' title="bbox 120 1423 1211 1510; baseline 0 -20"><span class='ocrx_word' id='word_1_76' title='bbox 120 1429 224 1510; x_wconf 84' lang='lat' dir='ltr'><strong>Magia</strong></span> <span class='ocrx_word' id='word_1_77' title='bbox 245 1429 338 1488; x_wconf 90' lang='lat' dir='ltr'><strong>etiam</strong></span> <span class='ocrx_word' id='word_1_78' title='bbox 360 1428 439 1488; x_wconf 88' lang='lat' dir='ltr'><strong>mira</strong></span> <span class='ocrx_word' id='word_1_79' title='bbox 460 1431 493 1508; x_wconf 85' lang='lat' dir='ltr'><strong>et</strong></span> <span class='ocrx_word' id='word_1_80' title='bbox 513 1423 585 1486; x_wconf 87' lang='lat' dir='ltr'><strong>fere</strong></span> <span class='ocrx_word' id='word_1_81' title='bbox 607 1423 743 1486; x_wconf 90' lang='lat' dir='ltr'><strong>ridicula</strong></span> <span class='ocrx_word' id='word_1_82' title='bbox 764 1430 812 1486; x_wconf 85' lang='lat' dir='ltr'><strong>ert</strong></span> <span class='ocrx_word' id='word_1_83' title='bbox 827 1425 1004 1487; x_wconf 75' lang='lat' dir='ltr'><strong>hottmanni</strong></span> <span class='ocrx_word' id='word_1_84' title='bbox 1027 1431 1211 1507; x_wconf 75' lang='lat' dir='ltr'><strong>pertinacia,</strong></span> 
     </span>
    </p>
   </div>
   <div class='ocr_carea' id='block_1_5' title="bbox 121 1525 1328 1617">
    <p class='ocr_par' dir='ltr' id='par_1_5' title="bbox 121 1525 1328 1617">
     <span class='ocr_line' id='line_1_12' title="bbox 121 1525 1328 1617; baseline 0.002 -19"><span class='ocrx_word' id='word_1_85' title='bbox 121 1539 177 1617; x_wconf 81' lang='lat' dir='ltr'><strong>qui</strong></span> <span class='ocrx_word' id='word_1_86' title='bbox 198 1555 291 1616; x_wconf 86' lang='lat' dir='ltr'><strong>quum</strong></span> <span class='ocrx_word' id='word_1_87' title='bbox 313 1537 384 1616; x_wconf 88' lang='lat' dir='ltr'><strong>ipse</strong></span> <span class='ocrx_word' id='word_1_88' title='bbox 404 1525 495 1596; x_wconf 88' lang='lat' dir='ltr'><strong>initio</strong></span> <span class='ocrx_word' id='word_1_89' title='bbox 510 1533 550 1596; x_wconf 89' lang='lat' dir='ltr'><strong>de</strong></span> <span class='ocrx_word' id='word_1_90' title='bbox 572 1534 764 1615; x_wconf 90' lang='lat' dir='ltr'><strong>anagraphes</strong></span> <span class='ocrx_word' id='word_1_91' title='bbox 778 1533 890 1595; x_wconf 90' lang='lat' dir='ltr'><strong>habitu</strong></span> <span class='ocrx_word' id='word_1_92' title='bbox 912 1537 1054 1614; x_wconf 88' lang='lat' dir='ltr'><strong>pessime·</strong></span> <span class='ocrx_word' id='word_1_93' title='bbox 1063 1533 1212 1600; x_wconf 85' lang='lat' dir='ltr'><strong>sensisset</strong></span> <span class='ocrx_word' id='word_1_94' title='bbox 1324 1537 1328 1544; x_wconf 79' lang='grc'><em>’</em></span> 
     </span>
    </p>
   </div>
   <div class='ocr_carea' id='block_1_6' title="bbox 12 1634 1211 1940">
    <p class='ocr_par' dir='ltr' id='par_1_6' title="bbox 12 1634 1211 1940">
     <span class='ocr_line' id='line_1_13' title="bbox 12 1634 1211 1740; baseline -0.003 -32"><span class='ocrx_word' id='word_1_95' title='bbox 12 1704 13 1708; x_wconf 75' lang='grc'>,</span> <span class='ocrx_word' id='word_1_96' title='bbox 119 1649 251 1740; x_wconf 82' lang='lat' dir='ltr'><strong>postero</strong></span> <span class='ocrx_word' id='word_1_97' title='bbox 273 1641 388 1703; x_wconf 91' lang='lat' dir='ltr'><strong>deinde</strong></span> <span class='ocrx_word' id='word_1_98' title='bbox 409 1647 554 1722; x_wconf 85' lang='lat' dir='ltr'><strong>tempore</strong></span> <span class='ocrx_word' id='word_1_99' title='bbox 575 1643 703 1703; x_wconf 90' lang='lat' dir='ltr'><strong>summis</strong></span> <span class='ocrx_word' id='word_1_100' title='bbox 723 1634 842 1702; x_wconf 85' lang='lat' dir='ltr'><strong>viribus</strong></span> <span class='ocrx_word' id='word_1_101' title='bbox 863 1641 972 1702; x_wconf 80' lang='lat' dir='ltr'><strong>enixus</strong></span> <span class='ocrx_word' id='word_1_102' title='bbox 994 1648 1060 1718; x_wconf 89' lang='lat' dir='ltr'><strong>est,</strong></span> <span class='ocrx_word' id='word_1_103' title='bbox 1082 1650 1117 1704; x_wconf 87' lang='lat' dir='ltr'><strong>nt</strong></span> <span class='ocrx_word' id='word_1_104' title='bbox 1137 1663 1211 1705; x_wconf 90' lang='lat' dir='ltr'><strong>ana-</strong></span> 
     </span>
     <span class='ocr_line' id='line_1_14' title="bbox 118 1747 1211 1832; baseline 0.002 -22"><span class='ocrx_word' id='word_1_105' title='bbox 118 1751 263 1832; x_wconf 86' lang='lat' dir='ltr'><strong>graphen</strong></span> <span class='ocrx_word' id='word_1_106' title='bbox 277 1751 445 1832; x_wconf 88' lang='lat' dir='ltr'><strong>genuinum</strong></span> <span class='ocrx_word' id='word_1_107' title='bbox 460 1747 648 1810; x_wconf 74' lang='lat' dir='ltr'><strong>Dicaearchi</strong></span> <span class='ocrx_word' id='word_1_108' title='bbox 663 1765 743 1827; x_wconf 87' lang='lat' dir='ltr'><strong>opus</strong></span> <span class='ocrx_word' id='word_1_109' title='bbox 759 1765 828 1808; x_wconf 85' lang='lat' dir='ltr'><strong>ease</strong></span> <span class='ocrx_word' id='word_1_110' title='bbox 843 1747 1082 1810; x_wconf 77' lang='lat' dir='ltr'><strong>demonstraret.</strong></span> <span class='ocrx_word' id='word_1_111' title='bbox 1125 1751 1211 1812; x_wconf 85' lang='lat' dir='ltr'><strong>Geo-</strong></span> 
     </span>
     <span class='ocr_line' id='line_1_15' title="bbox 118 1855 1211 1940; baseline 0.002 -22"><span class='ocrx_word' id='word_1_112' title='bbox 118 1859 288 1940; x_wconf 86' lang='lat' dir='ltr'><strong>grapbicas</strong></span> <span class='ocrx_word' id='word_1_113' title='bbox 326 1863 430 1918; x_wconf 89' lang='lat' dir='ltr'><strong>tamen</strong></span> <span class='ocrx_word' id='word_1_114' title='bbox 460 1855 648 1918; x_wconf 84' lang='lat' dir='ltr'><strong>Dicaearchi</strong></span> <span class='ocrx_word' id='word_1_115' title='bbox 681 1855 802 1916; x_wconf 89' lang='lat' dir='ltr'><strong>tabulas</strong></span> <span class='ocrx_word' id='word_1_116' title='bbox 838 1857 994 1916; x_wconf 78' lang='lat' dir='ltr'><strong>exstitisse</strong></span> <span class='ocrx_word' id='word_1_117' title='bbox 1024 1857 1062 1916; x_wconf 93' lang='lat' dir='ltr'><strong>ad</strong></span> <span class='ocrx_word' id='word_1_118' title='bbox 1094 1875 1211 1938; x_wconf 85' lang='lat' dir='ltr'><strong>eaaqne</strong></span> 
     </span>
    </p>
   </div>
   <div class='ocr_carea' id='block_1_7' title="bbox 117 1945 1325 2048">
    <p class='ocr_par' dir='ltr' id='par_1_7' title="bbox 117 1945 1325 2048">
     <span class='ocr_line' id='line_1_16' title="bbox 117 1945 1325 2048; baseline 0.001 -22"><span class='ocrx_word' id='word_1_119' title='bbox 117 1966 319 2027; x_wconf 76' lang='lat' dir='ltr'><strong>illustrandas</strong></span> <span class='ocrx_word' id='word_1_120' title='bbox 340 1945 542 2046; x_wconf 85' lang='lat' dir='ltr'><strong>anagraphen</strong></span> <span class='ocrx_word' id='word_1_121' title='bbox 562 1964 764 2044; x_wconf 82' lang='lat' dir='ltr'><strong>pertinuisse,</strong></span> <span class='ocrx_word' id='word_1_122' title='bbox 785 1963 818 2024; x_wconf 93' lang='lat' dir='ltr'><strong>id</strong></span> <span class='ocrx_word' id='word_1_123' title='bbox 842 1963 927 2044; x_wconf 85' lang='lat' dir='ltr'><strong>quod</strong></span> <span class='ocrx_word' id='word_1_124' title='bbox 944 1963 1121 2048; x_wconf 77' lang='lat' dir='ltr'><strong>Dodnellua</strong></span> <span class='ocrx_word' id='word_1_125' title='bbox 1143 1966 1216 2028; x_wconf 57' lang='lat' dir='ltr'><strong>cliii</strong></span> <span class='ocrx_word' id='word_1_126' title='bbox 1247 1981 1248 1984; x_wconf 73' lang='grc'>’</span> <span class='ocrx_word' id='word_1_127' title='bbox 1280 2033 1283 2040; x_wconf 56' lang='grc'><em>,</em></span> <span class='ocrx_word' id='word_1_128' title='bbox 1323 2012 1325 2016; x_wconf 68' lang='lat'><strong>,</strong></span> 
     </span>
    </p>
   </div>
   <div class='ocr_carea' id='block_1_8' title="bbox 118 2071 1211 2274">
    <p class='ocr_par' dir='ltr' id='par_1_8' title="bbox 118 2071 1211 2274">
     <span class='ocr_line' id='line_1_17' title="bbox 119 2071 1211 2153; baseline 0.001 -19"><span class='ocrx_word' id='word_1_129' title='bbox 119 2093 182 2153; x_wconf 86' lang='lat' dir='ltr'><strong>que</strong></span> <span class='ocrx_word' id='word_1_130' title='bbox 209 2074 270 2136; x_wconf 87' lang='lat' dir='ltr'><strong>viri</strong></span> <span class='ocrx_word' id='word_1_131' title='bbox 299 2073 385 2134; x_wconf 91' lang='lat' dir='ltr'><strong>docti</strong></span> <span class='ocrx_word' id='word_1_132' title='bbox 412 2077 604 2148; x_wconf 79' lang='lat' dir='ltr'><strong>statuerant,</strong></span> <span class='ocrx_word' id='word_1_133' title='bbox 633 2072 760 2151; x_wconf 82' lang='lat' dir='ltr'><strong>penitus</strong></span> <span class='ocrx_word' id='word_1_134' title='bbox 790 2072 930 2150; x_wconf 61' lang='lat' dir='ltr'><strong>negavit,</strong></span> <span class='ocrx_word' id='word_1_135' title='bbox 983 2071 1211 2151; x_wconf 76' lang='lat' dir='ltr'><strong>compendium</strong></span> 
     </span>
     <span class='ocr_line' id='line_1_18' title="bbox 118 2177 1211 2274; baseline -0.002 -32"><span class='ocrx_word' id='word_1_136' title='bbox 118 2188 223 2242; x_wconf 89' lang='lat' dir='ltr'><strong>autem</strong></span> <span class='ocrx_word' id='word_1_137' title='bbox 254 2179 503 2261; x_wconf 87' lang='lat' dir='ltr'><strong>geographicum</strong></span> <span class='ocrx_word' id='word_1_138' title='bbox 533 2196 603 2274; x_wconf 76' lang='lat' dir='ltr'><strong>esse</strong></span> <span class='ocrx_word' id='word_1_139' title='bbox 632 2177 710 2240; x_wconf 88' lang='lat' dir='ltr'><strong>dicit</strong></span> <span class='ocrx_word' id='word_1_140' title='bbox 740 2179 764 2239; x_wconf 83' lang='grc' dir='ltr'><strong>ιι</strong></span> <span class='ocrx_word' id='word_1_141' title='bbox 780 2177 974 2240; x_wconf 86' lang='lat' dir='ltr'><strong>Dicaearcho</strong></span> <span class='ocrx_word' id='word_1_142' title='bbox 996 2180 1029 2239; x_wconf 91' lang='lat' dir='ltr'><strong>in</strong></span> <span class='ocrx_word' id='word_1_143' title='bbox 1050 2198 1139 2240; x_wconf 88' lang='lat' dir='ltr'><strong>usum</strong></span> <span class='ocrx_word' id='word_1_144' title='bbox 1156 2181 1211 2260; x_wconf 90' lang='lat' dir='ltr'><strong>ju-</strong></span> 
     </span>
    </p>
   </div>
   <div class='ocr_carea' id='block_1_9' title="bbox 117 2284 1334 2370">
    <p class='ocr_par' dir='ltr' id='par_1_9' title="bbox 117 2284 1334 2370">
     <span class='ocr_line' id='line_1_19' title="bbox 117 2284 1334 2370; baseline -0.001 -22"><span class='ocrx_word' id='word_1_145' title='bbox 117 2299 231 2348; x_wconf 87' lang='lat' dir='ltr'><strong>venum</strong></span> <span class='ocrx_word' id='word_1_146' title='bbox 257 2287 434 2350; x_wconf 86' lang='lat' dir='ltr'><strong>conicctum</strong></span> <span class='ocrx_word' id='word_1_147' title='bbox 463 2286 698 2365; x_wconf 84' lang='lat' dir='ltr'><strong>memoriaeque</strong></span> <span class='ocrx_word' id='word_1_148' title='bbox 729 2284 922 2366; x_wconf 71' lang='lat' dir='ltr'><strong>adjuvandae</strong></span> <span class='ocrx_word' id='word_1_149' title='bbox 954 2304 1047 2347; x_wconf 81' lang='lat' dir='ltr'><strong>canta</strong></span> <span class='ocrx_word' id='word_1_150' title='bbox 1077 2287 1211 2347; x_wconf 89' lang='lat' dir='ltr'><strong>metrice</strong></span> <span class='ocrx_word' id='word_1_151' title='bbox 1333 2365 1334 2370; x_wconf 8' lang='grc' dir='ltr'>ἵ</span> 
     </span>
    </p>
   </div>
   <div class='ocr_carea' id='block_1_10' title="bbox 117 2394 1211 2477">
    <p class='ocr_par' dir='ltr' id='par_1_10' title="bbox 117 2394 1211 2477">
     <span class='ocr_line' id='line_1_20' title="bbox 117 2394 1211 2477; baseline -0.004 -17"><span class='ocrx_word' id='word_1_152' title='bbox 117 2397 338 2477; x_wconf 82' lang='lat' dir='ltr'><strong>compositum,</strong></span> <span class='ocrx_word' id='word_1_153' title='bbox 359 2394 416 2456; x_wconf 83' lang='lat' dir='ltr'><strong>scd</strong></span> <span class='ocrx_word' id='word_1_154' title='bbox 436 2395 535 2474; x_wconf 89' lang='lat' dir='ltr'><strong>magis</strong></span> <span class='ocrx_word' id='word_1_155' title='bbox 548 2395 716 2474; x_wconf 83' lang='lat' dir='ltr'><strong>mythicam</strong></span> <span class='ocrx_word' id='word_1_156' title='bbox 732 2394 957 2475; x_wconf 73' lang='lat' dir='ltr'><strong>geographiam</strong></span> <span class='ocrx_word' id='word_1_157' title='bbox 978 2396 1011 2456; x_wconf 92' lang='lat' dir='ltr'><strong>in</strong></span> <span class='ocrx_word' id='word_1_158' title='bbox 1027 2413 1065 2456; x_wconf 95' lang='lat' dir='ltr'><strong>eo</strong></span> <span class='ocrx_word' id='word_1_159' title='bbox 1082 2395 1211 2456; x_wconf 87' lang='lat' dir='ltr'><strong>tractari</strong></span> 
     </span>
    </p>
   </div>
   <div class='ocr_carea' id='block_1_11' title="bbox 117 2500 1330 2584">
    <p class='ocr_par' dir='ltr' id='par_1_11' title="bbox 117 2500 1330 2584">
     <span class='ocr_line' id='line_1_21' title="bbox 117 2500 1330 2584; baseline -0.004 -17"><span class='ocrx_word' id='word_1_160' title='bbox 117 2506 227 2567; x_wconf 84' lang='lat' dir='ltr'><strong>stutnit</strong></span> <span class='ocrx_word' id='word_1_161' title='bbox 249 2522 340 2582; x_wconf 83' lang='lat' dir='ltr'><strong>qnam</strong></span> <span class='ocrx_word' id='word_1_162' title='bbox 361 2500 587 2584; x_wconf 76' lang='lat' dir='ltr'><strong>geographiam</strong></span> <span class='ocrx_word' id='word_1_163' title='bbox 608 2502 820 2582; x_wconf 75' lang='lat' dir='ltr'><strong>posteriorum</strong></span> <span class='ocrx_word' id='word_1_164' title='bbox 843 2509 1038 2582; x_wconf 86' lang='lat' dir='ltr'><strong>temporum,</strong></span> <span class='ocrx_word' id='word_1_165' title='bbox 1071 2501 1156 2581; x_wconf 91' lang='lat' dir='ltr'><strong>quod</strong></span> <span class='ocrx_word' id='word_1_166' title='bbox 1177 2504 1210 2563; x_wconf 93' lang='lat' dir='ltr'><strong>in</strong></span> <span class='ocrx_word' id='word_1_167' title='bbox 1271 2527 1274 2538; x_wconf 90' lang='lat'><em>·</em></span> <span class='ocrx_word' id='word_1_168' title='bbox 1327 2545 1330 2549; x_wconf 89' lang='lat'><em>-</em></span> 
     </span>
    </p>
   </div>
   <div class='ocr_carea' id='block_1_12' title="bbox 107 2606 1212 3552">
    <p class='ocr_par' dir='ltr' id='par_1_12' title="bbox 107 2606 1212 3552">
     <span class='ocr_line' id='line_1_22' title="bbox 117 2606 1209 2689; baseline -0.002 -16"><span class='ocrx_word' id='word_1_169' title='bbox 117 2609 315 2673; x_wconf 88' lang='lat' dir='ltr'><strong>commodum</strong></span> <span class='ocrx_word' id='word_1_170' title='bbox 342 2627 452 2672; x_wconf 90' lang='lat' dir='ltr'><strong>eornm</strong></span> <span class='ocrx_word' id='word_1_171' title='bbox 480 2609 575 2668; x_wconf 89' lang='lat' dir='ltr'><strong>lieret</strong></span> <span class='ocrx_word' id='word_1_172' title='bbox 602 2609 656 2687; x_wconf 91' lang='lat' dir='ltr'><strong>qul</strong></span> <span class='ocrx_word' id='word_1_173' title='bbox 685 2606 897 2688; x_wconf 77' lang='lat' dir='ltr'><strong>mythologice</strong></span> <span class='ocrx_word' id='word_1_174' title='bbox 926 2627 1055 2688; x_wconf 88' lang='lat' dir='ltr'><strong>operam</strong></span> <span class='ocrx_word' id='word_1_175' title='bbox 1088 2609 1209 2689; x_wconf 80' lang='lat' dir='ltr'><strong>darent.</strong></span> 
     </span>
     <span class='ocr_line' id='line_1_23' title="bbox 115 2714 1212 2796; baseline -0.005 -14"><span class='ocrx_word' id='word_1_176' title='bbox 115 2719 244 2784; x_wconf 85' lang='lat' dir='ltr'><strong>Nullum</strong></span> <span class='ocrx_word' id='word_1_177' title='bbox 264 2736 362 2794; x_wconf 84' lang='lat' dir='ltr'><strong>vero,</strong></span> <span class='ocrx_word' id='word_1_178' title='bbox 390 2722 438 2786; x_wconf 62' lang='lat' dir='ltr'><strong>nt</strong></span> <span class='ocrx_word' id='word_1_179' title='bbox 456 2715 495 2776; x_wconf 91' lang='lat' dir='ltr'><strong>ad</strong></span> <span class='ocrx_word' id='word_1_180' title='bbox 516 2716 617 2796; x_wconf 86' lang='lat' dir='ltr'><strong>ipsius</strong></span> <span class='ocrx_word' id='word_1_181' title='bbox 639 2714 936 2776; x_wconf 83' lang='lat' dir='ltr'><strong>demonstrationem</strong></span> <span class='ocrx_word' id='word_1_182' title='bbox 966 2715 1129 2791; x_wconf 81' lang='lat' dir='ltr'><strong>accedam,</strong></span> <span class='ocrx_word' id='word_1_183' title='bbox 1157 2734 1212 2776; x_wconf 85' lang='lat' dir='ltr'><strong>cx·</strong></span> 
     </span>
     <span class='ocr_line' id='line_1_24' title="bbox 116 2810 1210 2904; baseline -0.002 -16"><span class='ocrx_word' id='word_1_184' title='bbox 116 2834 241 2889; x_wconf 91' lang='lat' dir='ltr'><strong>ternum</strong></span> <span class='ocrx_word' id='word_1_185' title='bbox 269 2810 480 2888; x_wconf 86' lang='lat' dir='ltr'><strong>testimoninm</strong></span> <span class='ocrx_word' id='word_1_186' title='bbox 502 2823 612 2887; x_wconf 89' lang='lat' dir='ltr'><strong>adesse</strong></span> <span class='ocrx_word' id='word_1_187' title='bbox 634 2821 867 2900; x_wconf 80' lang='lat' dir='ltr'><strong>animadvertit,</strong></span> <span class='ocrx_word' id='word_1_188' title='bbox 892 2823 985 2902; x_wconf 51' lang='lat' dir='ltr'><strong>¹qnod</strong></span> <span class='ocrx_word' id='word_1_189' title='bbox 1008 2823 1210 2904; x_wconf 87' lang='lat' dir='ltr'><strong>anagraphen</strong></span> 
     </span>
     <span class='ocr_line' id='line_1_25' title="bbox 117 2929 1210 3016; baseline -0.003 -21"><span class='ocrx_word' id='word_1_190' title='bbox 117 2935 285 3016; x_wconf 87' lang='lat' dir='ltr'><strong>genuinam</strong></span> <span class='ocrx_word' id='word_1_191' title='bbox 305 2952 367 2995; x_wconf 88' lang='lat' dir='ltr'><strong>non</strong></span> <span class='ocrx_word' id='word_1_192' title='bbox 390 2950 460 2993; x_wconf 82' lang='lat' dir='ltr'><strong>esre</strong></span> <span class='ocrx_word' id='word_1_193' title='bbox 481 2931 654 3008; x_wconf 87' lang='lat' dir='ltr'><strong>indicaret,</strong></span> <span class='ocrx_word' id='word_1_194' title='bbox 684 2929 811 2992; x_wconf 91' lang='lat' dir='ltr'><strong>dicendi</strong></span> <span class='ocrx_word' id='word_1_195' title='bbox 840 2931 994 2991; x_wconf 88' lang='lat' dir='ltr'><strong>rationein</strong></span> <span class='ocrx_word' id='word_1_196' title='bbox 1022 2932 1054 2992; x_wconf 85' lang='lat' dir='ltr'><strong>in</strong></span> <span class='ocrx_word' id='word_1_197' title='bbox 1076 2949 1113 2991; x_wconf 84' lang='lat' dir='ltr'><strong>eu</strong></span> <span class='ocrx_word' id='word_1_198' title='bbox 1134 2931 1210 3011; x_wconf 90' lang='lat' dir='ltr'><strong>pro·</strong></span> 
     </span>
     <span class='ocr_line' id='line_1_26' title="bbox 117 3037 1210 3119; baseline 0 -17"><span class='ocrx_word' id='word_1_199' title='bbox 117 3041 212 3102; x_wconf 77' lang='lat' dir='ltr'><strong>latam</strong></span> <span class='ocrx_word' id='word_1_200' title='bbox 233 3060 303 3102; x_wconf 91' lang='lat' dir='ltr'><strong>cum</strong></span> <span class='ocrx_word' id='word_1_201' title='bbox 324 3039 514 3103; x_wconf 80' lang='lat' dir='ltr'><strong>Aristotelea</strong></span> <span class='ocrx_word' id='word_1_202' title='bbox 541 3039 634 3119; x_wconf 91' lang='lat' dir='ltr'><strong>plane</strong></span> <span class='ocrx_word' id='word_1_203' title='bbox 659 3039 826 3104; x_wconf 90' lang='lat' dir='ltr'><strong>convenire</strong></span> <span class='ocrx_word' id='word_1_204' title='bbox 848 3043 881 3098; x_wconf 89' lang='lat' dir='ltr'><strong>et</strong></span> <span class='ocrx_word' id='word_1_205' title='bbox 901 3037 1119 3119; x_wconf 54' lang='lat' dir='ltr'><strong>inffiprooemio</strong></span> <span class='ocrx_word' id='word_1_206' title='bbox 1141 3039 1210 3102; x_wconf 90' lang='lat' dir='ltr'><strong>nul·&#39;</strong></span> 
     </span>
     <span class='ocr_line' id='line_1_27' title="bbox 107 3141 1208 3229; baseline -0.002 -19"><span class='ocrx_word' id='word_1_207' title='bbox 107 3150 177 3228; x_wconf 91' lang='lat' dir='ltr'><strong>lam</strong></span> <span class='ocrx_word' id='word_1_208' title='bbox 198 3149 436 3229; x_wconf 83' lang='lat' dir='ltr'><strong>repugnantiam</strong></span> <span class='ocrx_word' id='word_1_209' title='bbox 451 3141 564 3224; x_wconf 85' lang='lat' dir='ltr'><strong>inesse,</strong></span> <span class='ocrx_word' id='word_1_210' title='bbox 587 3167 681 3226; x_wconf 87' lang='lat' dir='ltr'><strong>qaum</strong></span> <span class='ocrx_word' id='word_1_211' title='bbox 696 3146 906 3208; x_wconf 75' lang='lat' dir='ltr'><strong>Dicaearchus</strong></span> <span class='ocrx_word' id='word_1_212' title='bbox 927 3166 961 3208; x_wconf 85' lang='lat' dir='ltr'><strong>ae</strong></span> <span class='ocrx_word' id='word_1_213' title='bbox 976 3149 1112 3226; x_wconf 82' lang='lat' dir='ltr'><strong>primurn</strong></span> <span class='ocrx_word' id='word_1_214' title='bbox 1133 3164 1208 3228; x_wconf 86' lang='lat' dir='ltr'><strong>geo·</strong></span> 
     </span>
     <span class='ocr_line' id='line_1_28' title="bbox 115 3255 1209 3338; baseline -0.002 -20"><span class='ocrx_word' id='word_1_215' title='bbox 115 3257 300 3338; x_wconf 83' lang='lat' dir='ltr'><strong>graphicum</strong></span> <span class='ocrx_word' id='word_1_216' title='bbox 317 3255 547 3336; x_wconf 64' lang='lat' dir='ltr'><strong>,compendium</strong></span> <span class='ocrx_word' id='word_1_217' title='bbox 576 3255 718 3318; x_wconf 82' lang='lat' dir='ltr'><strong>versibus</strong></span> <span class='ocrx_word' id='word_1_218' title='bbox 750 3255 962 3334; x_wconf 88' lang='lat' dir='ltr'><strong>composuisse</strong></span> <span class='ocrx_word' id='word_1_219' title='bbox 990 3257 1103 3316; x_wconf 87' lang='lat' dir='ltr'><strong>merito</strong></span> <span class='ocrx_word' id='word_1_220' title='bbox 1132 3275 1209 3336; x_wconf 88' lang='lat' dir='ltr'><strong>pro·</strong></span> 
     </span>
     <span class='ocr_line' id='line_1_29' title="bbox 114 3363 1208 3445; baseline -0.002 -19"><span class='ocrx_word' id='word_1_221' title='bbox 114 3366 260 3426; x_wconf 90' lang='lat' dir='ltr'><strong>nuntiare</strong></span> <span class='ocrx_word' id='word_1_222' title='bbox 281 3365 446 3445; x_wconf 78' lang='lat' dir='ltr'><strong>potuisset</strong></span> <span class='ocrx_word' id='word_1_223' title='bbox 487 3363 535 3425; x_wconf 82' lang='lat' dir='ltr'><strong>Ex</strong></span> <span class='ocrx_word' id='word_1_224' title='bbox 553 3363 692 3444; x_wconf 79' lang='lat' dir='ltr'><strong>Seplacis</strong></span> <span class='ocrx_word' id='word_1_225' title='bbox 713 3369 817 3424; x_wconf 87' lang='lat' dir='ltr'><strong>antem</strong></span> <span class='ocrx_word' id='word_1_226' title='bbox 838 3363 965 3443; x_wconf 88' lang='lat' dir='ltr'><strong>periplo</strong></span> <span class='ocrx_word' id='word_1_227' title='bbox 980 3363 1208 3424; x_wconf 78' lang='lat' dir='ltr'><strong>Dicaearchum</strong></span> 
     </span>
     <span class='ocr_line' id='line_1_30' title="bbox 114 3470 1207 3552; baseline -0.001 -17"><span class='ocrx_word' id='word_1_228' title='bbox 114 3493 177 3535; x_wconf 93' lang='lat' dir='ltr'><strong>non</strong></span> <span class='ocrx_word' id='word_1_229' title='bbox 198 3479 321 3535; x_wconf 90' lang='lat' dir='ltr'><strong>temere</strong></span> <span class='ocrx_word' id='word_1_230' title='bbox 347 3471 496 3536; x_wconf 92' lang='lat' dir='ltr'><strong>nonnulla</strong></span> <span class='ocrx_word' id='word_1_231' title='bbox 523 3473 727 3552; x_wconf 86' lang='lat' dir='ltr'><strong>compilasse,</strong></span> <span class='ocrx_word' id='word_1_232' title='bbox 757 3470 815 3533; x_wconf 87' lang='lat' dir='ltr'><strong>red</strong></span> <span class='ocrx_word' id='word_1_233' title='bbox 835 3471 910 3532; x_wconf 87' lang='lat' dir='ltr'><strong>satia</strong></span> <span class='ocrx_word' id='word_1_234' title='bbox 931 3471 1130 3534; x_wconf 86' lang='lat' dir='ltr'><strong>considerate</strong></span> <span class='ocrx_word' id='word_1_235' title='bbox 1151 3492 1207 3534; x_wconf 88' lang='lat' dir='ltr'><strong>sua</strong></span> 
     </span>
    </p>
   </div>
   <div class='ocr_carea' id='block_1_13' title="bbox 113 3558 1320 3662">
    <p class='ocr_par' dir='ltr' id='par_1_13' title="bbox 113 3558 1320 3662">
     <span class='ocr_line' id='line_1_31' title="bbox 113 3558 1320 3662; baseline 0 -20"><span class='ocrx_word' id='word_1_236' title='bbox 113 3558 284 3662; x_wconf 86' lang='lat' dir='ltr'><strong>repetiisse</strong></span> <span class='ocrx_word' id='word_1_237' title='bbox 312 3585 346 3642; x_wconf 87' lang='lat' dir='ltr'><strong>et</strong></span> <span class='ocrx_word' id='word_1_238' title='bbox 365 3585 532 3662; x_wconf 88' lang='lat' dir='ltr'><strong>praeterea</strong></span> <span class='ocrx_word' id='word_1_239' title='bbox 561 3579 632 3642; x_wconf 89' lang='lat' dir='ltr'><strong>aliis</strong></span> <span class='ocrx_word' id='word_1_240' title='bbox 654 3597 779 3660; x_wconf 84' lang='lat' dir='ltr'><strong>qnoque</strong></span> <span class='ocrx_word' id='word_1_241' title='bbox 799 3580 1026 3659; x_wconf 85' lang='lat' dir='ltr'><strong>scriptoribus,</strong></span> <span class='ocrx_word' id='word_1_242' title='bbox 1056 3586 1091 3640; x_wconf 88' lang='lat' dir='ltr'><strong>at</strong></span> <span class='ocrx_word' id='word_1_243' title='bbox 1118 3579 1206 3660; x_wconf 87' lang='lat' dir='ltr'><strong>logo·</strong></span> <span class='ocrx_word' id='word_1_244' title='bbox 1314 3607 1320 3621; x_wconf 68' lang='grc'>’</span> 
     </span>
    </p>
   </div>
   <div class='ocr_carea' id='block_1_14' title="bbox 111 3684 1225 4313">
    <p class='ocr_par' dir='ltr' id='par_1_14' title="bbox 111 3684 1225 4313">
     <span class='ocr_line' id='line_1_32' title="bbox 113 3684 1207 3768; baseline -0.002 -20"><span class='ocrx_word' id='word_1_245' title='bbox 113 3687 245 3768; x_wconf 81' lang='lat' dir='ltr'><strong>graphio</strong></span> <span class='ocrx_word' id='word_1_246' title='bbox 266 3693 299 3748; x_wconf 86' lang='lat' dir='ltr'><strong>et</strong></span> <span class='ocrx_word' id='word_1_247' title='bbox 318 3692 459 3750; x_wconf 86' lang='lat' dir='ltr'><strong>veterum</strong></span> <span class='ocrx_word' id='word_1_248' title='bbox 473 3685 646 3748; x_wconf 88' lang='lat' dir='ltr'><strong>fabularum</strong></span> <span class='ocrx_word' id='word_1_249' title='bbox 669 3684 903 3746; x_wconf 86' lang='lat' dir='ltr'><strong>enarratoribns</strong></span> <span class='ocrx_word' id='word_1_250' title='bbox 924 3685 1131 3746; x_wconf 76' lang='lat' dir='ltr'><strong>conmisisse</strong></span> <span class='ocrx_word' id='word_1_251' title='bbox 1153 3703 1207 3746; x_wconf 82' lang='lat' dir='ltr'><strong>cx-</strong></span> 
     </span>
     <span class='ocr_line' id='line_1_33' title="bbox 113 3789 1225 3874; baseline -0.002 -20"><span class='ocrx_word' id='word_1_252' title='bbox 113 3795 271 3856; x_wconf 85' lang='lat' dir='ltr'><strong>istimavit.</strong></span> <span class='ocrx_word' id='word_1_253' title='bbox 322 3795 409 3872; x_wconf 81' lang='lat' dir='ltr'><strong>Quae</strong></span> <span class='ocrx_word' id='word_1_254' title='bbox 440 3813 535 3874; x_wconf 87' lang='lat' dir='ltr'><strong>quarn</strong></span> <span class='ocrx_word' id='word_1_255' title='bbox 556 3794 760 3864; x_wconf 80' lang='lat' dir='ltr'><strong>lluttmannns</strong></span> <span class='ocrx_word' id='word_1_256' title='bbox 780 3793 814 3854; x_wconf 92' lang='lat' dir='ltr'><strong>in</strong></span> <span class='ocrx_word' id='word_1_257' title='bbox 836 3792 1070 3872; x_wconf 84' lang='lat' dir='ltr'><strong>quaestionibus</strong></span> <span class='ocrx_word' id='word_1_258' title='bbox 1091 3790 1132 3850; x_wconf 90' lang='lat' dir='ltr'><strong>dc</strong></span> <span class='ocrx_word' id='word_1_259' title='bbox 1153 3789 1225 3852; x_wconf 78' lang='lat' dir='ltr'><strong>Di·&#39;</strong></span> 
     </span>
     <span class='ocr_line' id='line_1_34' title="bbox 114 3887 1205 3980; baseline -0.003 -20"><span class='ocrx_word' id='word_1_260' title='bbox 114 3901 270 3962; x_wconf 87' lang='lat' dir='ltr'><strong>caearcbo</strong></span> <span class='ocrx_word' id='word_1_261' title='bbox 300 3901 498 3980; x_wconf 82' lang='lat' dir='ltr'><strong>exposuisset</strong></span> <span class='ocrx_word' id='word_1_262' title='bbox 524 3887 563 3961; x_wconf 89' lang='lat' dir='ltr'><strong>ab</strong></span> <span class='ocrx_word' id='word_1_263' title='bbox 594 3899 717 3962; x_wconf 87' lang='lat' dir='ltr'><strong>Osanno</strong></span> <span class='ocrx_word' id='word_1_264' title='bbox 748 3917 818 3961; x_wconf 93' lang='lat' dir='ltr'><strong>enm</strong></span> <span class='ocrx_word' id='word_1_265' title='bbox 848 3899 989 3960; x_wconf 88' lang='lat' dir='ltr'><strong>libellum</strong></span> <span class='ocrx_word' id='word_1_266' title='bbox 1017 3901 1205 3958; x_wconf 87' lang='lat' dir='ltr'><strong>recensente</strong></span> 
     </span>
     <span class='ocr_line' id='line_1_35' title="bbox 112 4005 1207 4089; baseline -0.004 -21"><span class='ocrx_word' id='word_1_267' title='bbox 112 4008 305 4088; x_wconf 84' lang='lat' dir='ltr'><strong>argumentis</strong></span> <span class='ocrx_word' id='word_1_268' title='bbox 332 4009 521 4089; x_wconf 83' lang='lat' dir='ltr'><strong>gravissimis</strong></span> <span class='ocrx_word' id='word_1_269' title='bbox 549 4008 687 4069; x_wconf 80' lang='lat' dir='ltr'><strong>refutata</strong></span> <span class='ocrx_word' id='word_1_270' title='bbox 709 4013 793 4070; x_wconf 84' lang='lat' dir='ltr'><strong>sant.</strong></span> <span class='ocrx_word' id='word_1_271' title='bbox 842 4007 921 4070; x_wconf 81' lang='lat' dir='ltr'><strong>Dum</strong></span> <span class='ocrx_word' id='word_1_272' title='bbox 948 4005 1104 4068; x_wconf 83' lang='lat' dir='ltr'><strong>cadavere</strong></span> <span class='ocrx_word' id='word_1_273' title='bbox 1127 4023 1207 4083; x_wconf 85' lang='lat' dir='ltr'><strong>aqua</strong></span> 
     </span>
     <span class='ocr_line' id='line_1_36' title="bbox 111 4112 1205 4196; baseline -0.004 -21"><span class='ocrx_word' id='word_1_274' title='bbox 111 4114 274 4176; x_wconf 89' lang='lat' dir='ltr'><strong>submerso</strong></span> <span class='ocrx_word' id='word_1_275' title='bbox 296 4120 329 4176; x_wconf 90' lang='lat' dir='ltr'><strong>et</strong></span> <span class='ocrx_word' id='word_1_276' title='bbox 350 4117 503 4196; x_wconf 83' lang='lat' dir='ltr'><strong>temporis</strong></span> <span class='ocrx_word' id='word_1_277' title='bbox 519 4113 724 4176; x_wconf 85' lang='lat' dir='ltr'><strong>diuturnitate</strong></span> <span class='ocrx_word' id='word_1_278' title='bbox 745 4113 937 4194; x_wconf 86' lang='lat' dir='ltr'><strong>putrefacto,</strong></span> <span class='ocrx_word' id='word_1_279' title='bbox 957 4131 1019 4174; x_wconf 92' lang='lat' dir='ltr'><strong>non</strong></span> <span class='ocrx_word' id='word_1_280' title='bbox 1041 4131 1112 4174; x_wconf 90' lang='lat' dir='ltr'><strong>cum</strong></span> <span class='ocrx_word' id='word_1_281' title='bbox 1133 4112 1205 4172; x_wconf 84' lang='lat' dir='ltr'><strong>vivo</strong></span> 
     </span>
     <span class='ocr_line' id='line_1_37' title="bbox 111 4213 1203 4313; baseline -0.002 -29"><span class='ocrx_word' id='word_1_282' title='bbox 111 4227 145 4284; x_wconf 87' lang='lat' dir='ltr'><strong>et</strong></span> <span class='ocrx_word' id='word_1_283' title='bbox 158 4237 238 4313; x_wconf 19' lang='lat' dir='ltr'><strong>‘sano</strong></span> <span class='ocrx_word' id='word_1_284' title='bbox 261 4241 399 4305; x_wconf 88' lang='lat' dir='ltr'><strong>corpore</strong></span> <span class='ocrx_word' id='word_1_285' title='bbox 411 4227 480 4288; x_wconf 79' lang='lat' dir='ltr'><strong>ren&#39;r</strong></span> <span class='ocrx_word' id='word_1_286' title='bbox 501 4223 591 4290; x_wconf 83' lang='lat' dir='ltr'><strong>nobis</strong></span> <span class='ocrx_word' id='word_1_287' title='bbox 613 4241 682 4286; x_wconf 86' lang='lat' dir='ltr'><strong>csse</strong></span> <span class='ocrx_word' id='word_1_288' title='bbox 697 4221 897 4304; x_wconf 83' lang='lat' dir='ltr'><strong>anagrapbcn</strong></span> <span class='ocrx_word' id='word_1_289' title='bbox 920 4213 1203 4300; x_wconf 85' lang='lat' dir='ltr'><strong>contemplantibus</strong></span> 
     </span>
    </p>
   </div>
   <div class='ocr_carea' id='block_1_15' title="bbox 0 0 1368 4720">
    <p class='ocr_par' dir='ltr' id='par_1_15' title="bbox 0 0 1368 4720">
     <span class='ocr_line' id='line_1_38' title="bbox 0 0 1368 4720; baseline 0 2"><span class='ocrx_word' id='word_1_290' title='bbox 0 0 1368 4720; x_wconf 95' lang='lat' dir='ltr'><strong> </strong></span> 
     </span>
    </p>
   </div>
  </div>
 </body>
</html>
