2728 4720
517 285 887 364 *450*-

158 476 248 564 σιός,
271 473 431 570 Γόρτυνα
453 484 514 546 καὶ
531 477 685 566 Ῥαῦχος.
718 478 756 546 iv
782 484 945 570 μεσογείᾳ
966 478 999 544 δ’
1013 473 1164 564 Ἔλυρος
1184 475 1252 544 πό·

157 588 225 666 teg,
245 585 382 667 Λύκιος
409 592 472 654 καὶ
500 587 664 673 Πραῑσος.
702 587 767 652 εἰσὶ
793 579 833 652 db
862 591 920 653 καὶ
942 581 1049 653 ἄλλαι
1069 579 1189 662 πόλεις
1210 585 1252 652 ἑν

157 693 298 790 Κρήτῃ·
329 690 463 782 λέγεται
495 688 537 764 δὲ,
555 688 643 766 εἶναι
665 688 909 784 ἑκατόμπολις.
962 695 1058 759 Creta
1086 695 1253 776 descripta

156 807 270 888 Scylax
297 813 420 888 septem
441 804 595 887 Cyclades
623 798 786 866 en'nmerat
813 794 904 868 κατὰ
925 799 1179 888 Λακεδαίμονα
1205 804 1254 864 si·

154 921 222 994 tas,
251 917 357 978 Attica
385 933 461 976 vero
490 914 632 993 exposito
658 915 745 976 circa
765 914 900 992 Atticum
930 911 1019 974 addit
1039 895 1156 974 insulas
1178 929 1253 972 esse

157 1041 233 1102 quus
261 1027 411 1084 vocarent
438 1020 592 1101 Cyclades
620 1038 737 1098 easque
766 1019 935 1093 duodecim
954 1025 1115 1096 recenset,
1147 1019 1252 1080 altero

155 1137 259 1192 autem
280 1131 352 1192 loeo
374 1131 498 1191 alteras.
541 1128 747 1208 Anagrapltes
767 1125 878 1190 auctor
892 1129 936 1190 ila
957 1148 1019 1190 nou
1041 1127 1196 1188 disceruit
1217 1132 1254 1187 et

155 1239 309 1320 Cyclades
322 1239 437 1300 insulas
454 1255 552 1318 super
567 1236 754 1298 Geraestum
775 1235 850 1296 sitas
871 1253 941 1295 esse
956 1231 1044 1312 dicit,
1065 1235 1103 1296 ab
1118 1234 1253 1296 Euboea

153 1347 319 1408 meridiem
348 1365 475 1423 versus,
510 1346 555 1406 lta
582 1349 618 1404 ut
646 1343 777 1424 pelagus
806 1343 968 1423 Myrtoum
997 1343 1253 1426 complectantur

152 1459 324 1532 terraeque
346 1453 471 1514 Atticae
493 1451 667 1512 continenti
695 1448 923 1530 adjudicandae
954 1448 1129 1510 videantur.
1159 1449 1250 1512 luter

154 1561 310 1641 Cyclades
332 1566 435 1620 autem
457 1557 573 1620 insulas
594 1562 704 1618 contra
717 1555 983 1628 Lacedaemonem
1004 1557 1080 1618 sitos
1100 1557 1156 1619 ille
1176 1557 1251 1619 Me·

153 1669 232 1742 lum,
255 1667 418 1740 Cimolum,
440 1665 638 1726 Noehiarum'
652 1661 732 1749 (seu
759 1672 795 1726 ut
815 1663 945 1728 Vossius
973 1667 1143 1747 proposuit
1164 1665 1253 1726 Olia-

153 1771 268 1856 rnm),
297 1761 407 1834 Cincm
434 1768 498 1856 (ex
527 1771 669 1854 ejusdem
690 1772 796 1836 Vossii
825 1773 1044 1835 emendatione
1074 1769 1254 1856 Sicinum),

155 1883 311 1958 Theram‚
342 1879 496 1960 Anaphen
526 1885 559 1939 et
584 1877 758 1959 Astypalen
778 1883 948 1942 recensuit.
999 1881 1137 1960 Quarum
1163 1881 1253 1962 apud

153 1990 239 2052 bunc
268 1989 336 2049 sola
364 1987 503 2048 Cimolus
533 1987 617 2048 luter
638 1985 792 2066 Cyclades
819 1993 1027 2067 memoratur,
1058 1987 1116 2050 sed
1137 1988 1253 2050 eadem

154 2098 250 2180 paulo
277 2096 374 2156 infra*
389 2095 426 2156 ab
450 2095 562 2156 eodem
589 2096 622 2158 in
644 2094 820 2175 Sporadum
840 2096 979 2158 'numero
1011 2097 1166 2158 collocata
1193 2104 1254 2176 est,

156 2207 240 2268 sicut
268 2203 379 2264 iisdem
401 2203 509 2266 'lbera
540 2204 699 2264 accensita
727 2209 784 2264 est.
835 2203 1008 2282 Cycladum
1036 2209 1141 2265 autem
1164 2206 1253 2266 circa

34 2337 53 2398 j
156 2285 295 2374 Atticam
316 2308 486 2371 insularum
509 2309 612 2388 primo
633 2309 703 2371 loco
726 2329 744 2370 a
764 2309 1047 2406 Scylacefponitor
1068 2311 1152 2372 Ceos
1175 2331 1252 2392 qua-

156 2423 230 2478 tuor
250 2415 381 2496 urbibus
403 2415 559 2496 praedita.
599 2417 646 2478 Ex
667 2419 813 2480 codicum
827 2417 965 2480 lectione
986 2404 1071 2499 spdd
1085 2418 1253 2499 Scylacem
1362 2497 1363 2500 Ἴ

156 2525 215 2588 Cei
236 2524 355 2585 insulae
376 2522 436 2586 hae
457 2523 552 2584 urbes
566 2533 794 2588 memorantur:
816 2524 956 2600 corenla,
977 2527 1054 2588 lulis
1075 2533 1109 2586 et
1128 2529 1253 2596 Aerae3

157 2651 196 2694 ex
217 2632 323 2695 Vossii
345 2629 562 2691 emendatione
583 2630 735 2708 Poeessa,
756 2633 906 2709 Coresia,
926 2633 1006 2696 Jolis
1027 2633 1251 2708 et-Cartbaea,

159 2747 193 2802 et
222 2759 261 2801 ex
283 2739 496 2829 Broenstedtii
516 2742 671 2802 sententia
691 2741 779 2802 locus
800 2743 845 2802 ita
869 2742 1033 2824 legendus·
1051 2748 1119 2802 est:
1147 2733 1252 2816 πόλις
1362 2725 1363 2782 i

104 2875 118 2899 υ
158 2847 219 2911 καὶ
241 2835 342 2932 λιμὴν
364 2839 547 2933 Κορησία,
561 2837 701 2922 Ἴουλις,
720 2840 904 2930 Καρθαιά,
926 2867 1020 2929 quum
1042 2856 1153 2910 contra
1174 2831 1252 2929 Csi-

156 2955 218 3017 lios
240 2955 343 3016 omnio
361 2955 486 3015 urbium
516 2956 640 3016 uomina
660 2958 691 3017 in
717 2975 756 3018 eo
778 2957 928 3038 Scylaceo
950 2958 1020 3019 loco
1043 2957 1083 3018 de
1104 2958 1171 3018 Ceo
1194 2956 1251 3017 de·

157 3061 252 3122 lenda
280 3081 352 3122 esse
381 3041 517 3123 censeat'.
574 3063 636 3126 Sed
666 3065 728 3124 hoc
762 3068 920 3144 posterius
955 3069 1016 3126 non
1045 3063 1250 3142 crediderim,

160 3189 255 3249 quum
277 3171 483 3252 praecedenti
514 3169 587 3233 loco
616 3172 729 3252 Scylax
750 3171 877 3235 disertis
907 3173 1010 3234 verbis
1041 3171 1159 3234 dixerit
1189 3173 1251 3236 καὶ

158 3268 280 3350 πόλεις
302 3276 377 3338 αἵδε
399 3274 435 3340 ἑν
458 3284 534 3352 ταῖς
555 3272 689 3362 νήσοις,
712 3284 886 3359 quanquam
908 3279 949 3340 de
970 3277 1174 3342 restituendis
1195 3299 1252 3340 ur-

158 3383 245 3444 bium
267 3376 441 3446 nominibus
461 3404 524 3446 nou
544 3391 662 3448 certam
684 3385 785 3447 bsbeo
806 3387 1002 3448 sententiam.
1043 3385 1252 3467 Anagraphes
1361 3411 1362 3414 ¹

161 3508 287 3570 quoque
316 3497 426 3552 auctor
456 3492 543 3554 Ceon
576 3499 709 3571 quatuor
738 3492 833 3553 urbes
850 3492 983 3554 babere
1012 3492 1132 3567 refert,
1168 3491 1251 3554 nihil
1361 3519 1362 3576 ss

158 3604 263 3660 tamen
285 3599 417 3679 insuper
439 3600 606 3681 adjiciens,
633 3602 694 3661 uisi
717 3601 801 3680 quod
824 3619 861 3662 ea
881 3601 981 3662 insula
1008 3619 1026 3660 a
1046 3599 1144 3660 Sunio
1173 3618 1251 3678 pro-

158 3705 242 3766 xime
277 3707 408 3767 abesset.
469 3707 502 3767 Si
538 3683 622 3786 apud
651 3707 815 3786 Scylacem
850 3705 974 3790 deinde¹
995 3707 1028 3766 in
1057 3703 1252 3784 Cycladibus

158 3803 281 3890 Helene
303 3819 482 3874 enumerata
503 3813 636 3894 legitur,
650 3834 687 3876 ea
708 3831 769 3876 nou
791 3833 859 3876 eam
880 3816 920 3876 ob
942 3833 1080 3890 censam,
1103 3811 1189 3892 quod
1210 3813 1252 3873 nb

159 3919 361 3980 Artemidoro
377 3919 460 3999 apud
475 3919 659 3982 Strabonem
681 3921 720 3997 ll,
740 3920 803 3982 485
817 3913 987 4002 Cycladu'm
1009 3937 1139 3980 numero
1154 3919 1252 3982 eximi

158 4026 302 4101 ridetur,
324 4045 342 4088 e
363 4034 509 4090 contextu
531 4031 648 4110 peripli
668 4030 812 4109 Scylacei
834 4027 989 4112 ejicienda
1010 4033 1078 4104 est,
1100 4045 1195 4118 quum
1217 4027 1252 4089 in
1360 4065 1361 4070 κ

159 4133 350 4210 Cycladibus
379 4141 412 4194 et
440 4134 634 4214 Sporadibos
659 4133 838 4228 referendis
866 4135 917 4197 rel
947 4133 1165 4196 discernendis
1194 4133 1251 4195 alii

159 4235 253 4299 aliter
273 4241 439 4305 statuerint
459 4242 645 4328 geographi.
687 4243 837 4308 Ceterum
852 4261 956 4326 neque
976 4261 996 4307 a
1014 4247 1123 4309 nostro
1144 4239 1251 4322 scrip·
1360 4255 1361 4270 ¹

284 4381 305 4440 Ι
