2720 4722
452 273 824 352 *321*-

76 467 79 472 ’
180 459 464 554 ἐξαροράσας.
506 469 601 553 Apud
618 468 812 552 Stephanum
831 485 956 560 ¹versum
976 474 1026 534 ert
1042 468 1182 554 pineam.

23 651 24 654 Ἴ
104 575 184 640 ’l'rlis
202 595 312 642 scum
326 577 526 640 desideretur
540 576 679 658 quidem,
698 576 756 638 red
777 595 971 658 magnopere
985 578 1095 642 dubito
1108 595 1183 641 num

103 685 134 748 in
151 672 378 768 ἑξαγοροίζοιν
398 685 496 749 verino
509 687 612 748 inesse
634 691 738 766 quent.
774 686 824 749 An
844 688 885 747 sit
904 686 1085 750 redimenti?
1114 687 1184 766 Qun

104 773 226 870 quidem
253 793 482 876 significetione
508 793 541 856 in
567 793 648 858 thes.
670 792 781 874 Steph.
809 791 860 855 ed.
880 792 980 854 Lond.
1008 795 1039 871 i,
1067 813 1100 875 p.
1119 792 1185 858 oto
1249 778 1251 782 ¹
1336 813 1337 820 ¹

102 897 276 962 ednotnturu
296 905 345 961 eut
363 897 523 960 interdum
543 899 683 977 reperiri
710 898 809 979 idque
829 915 899 960 oum
920 899 1058 980 genitivo
1079 901 1130 964 rei
1151 908 1185 966 et

101 1007 273 1072 occmrtivo
293 1024 448 1089 personne
467 1006 679 1089 conjunctum.

176 1133 212 1194 p.
225 1112 295 1176 lon
316 1105 543 1200 ἐφήμερος,
555 1113 639 1193 quod
651 1115 683 1176 in
694 1093 893 1176 Zosimndnm
906 1120 940 1176 et
950 1115 1066 1178 Mennii
1079 1113 1184 1180 cdlnnc

100 1217 236 1282 editione
255 1221 393 1302 legitur,
412 1221 446 1282 in
466 1216 675 1304 ἐφίμερος
695 1221 919 1284 immutandum
941 1237 1010 1284 esse
1025 1223 1093 1306 jem
1113 1224 1185 1287 Sie-

100 1329 217 1410 plrnnnr
238 1329 414 1391 rectissime
434 1327 593 1390 intellexit
613 1329 707 1408 eique
728 1329 879 1408 Murrius,
900 1328 1022 1394 (icilius
1042 1337 1076 1394 et
1094 1331 1185 1396 nott-

100 1455 224 1500 mnnnns
245 1435 387 1516 olrseonli
408 1441 490 1500 cont.

157 1540 377 1621 ,ecrousen
397 1540 460 1618 οῖς
478 1537 710 1630 Ἀνθηδόνα
732 1538 892 1608 στάδια
913 1537 982 1630 pff.
1022 1549 1057 1610 in
1071 1546 1186 1612 codice

100 1650 227 1732 quidem
248 1651 322 1713 oiim
336 1652 544 1714 Hcrvrrticuo
558 1671 639 1714 nunc
652 1653 837 1716 Monoecus!
851 1657 1030 1735 prosnioum
1044 1662 1186 1719 nostrum
1270 1661 1273 1668 ’

99 1759 321 1840 fragmentum,
349 1758 497 1824 Worfero
525 1766 559 1822 et
579 1761 750 1843 Spengeiio
771 1763 923 1838 testibus,
951 1769 987 1824 nt
1011 1781 1050 1824 er
1070 1763 1187 1831 Murrii

99 1867 321 1930 etBnttmuuni
335 1866 528 1932 editionibus
548 1871 737 1950 perspicere
757 1870 844 1946 licet,
865 1869 945 1932 huec
965 1872 999 1932 iu
1013 1869 1110 1932 verino
1130 1867 1187 1932 do·

99 1975 181 2052 sinit,
230 1976 316 2043 illins
344 1993 420 2038 vero
447 1978 532 2055 vioe,
560 1977 601 2039 de
623 1997 684 2058 qno
711 1997 784 2042 cum
811 1979 935 2043 Murrio
955 1976 1188 2040 Trechuckium

99 2099 226 2164 qnoque
246 2083 285 2144 ud
306 2082 410 2146 Strui.
430 2083 489 2160 lli,
518 2084 816 2165 penitenciam,
858 2085 972 2149 Strabo
997 2086 1188 2156 mentionem

100 2189 176 2251 decit
197 2190 219 2250 i.
240 2189 293 2266 IX,
313 2209 346 2271 p.
367 2188 440 2252 4⁰8.
482 2187 632 2270 Σχοῑνος
653 2189 690 2252 δ’
714 2188 786 2254 ἐστὶ
806 2185 910 2276 χώρα
930 2191 991 2276 τῆς
1009 2187 1188 2278 Θρβαϊκῆς

99 2290 210 2362 κατὰ
229 2289 306 2383 τήν
328 2287 436 2362 ὁδὸν·
452 2287 529 2384 τήν
558 2292 629 2362 ἐπὶ
648 2290 906 2382 Ἀνθηδόνα,
925 2291 1090 2380 διέχουσα
1119 2295 1188 2382 Op·
1307 2362 1309 2365 .

99 2404 171 2478 dcciv
193 2395 281 2470 ὅσον
302 2394 522 2494 πεντήκοντα
544 2403 722 2480 σταδίους·
742 2405 797 2493 ρὀῐ
815 2396 857 2470 δὲ
877 2409 935 2471 καὶ
956 2395 1118 2496 ποταμὸς
1137 2400 1185 2469 δι’

100 2510 206 2604 αὐτῆς
226 2513 405 2594 Σχοινοῦς.
507 2498 511 2504 ’
849 2507 852 2510 “
1181 2575 1186 2586 ,

179 2613 284 2698 ὀόὁς
318 2616 500 2706 πλαγία,
536 2613 817 2713 ἀμαξήλατος
856 2621 905 2688 δι’
940 2621 1085 2708 οίρριὸν
1113 2643 1187 2686 πο-

99 2728 205 2812 ρεία.
263 2731 311 2792 Eu
339 2731 436 2793 verim
460 2730 602 2794 Murrius
630 2749 806 2812 quenquam
836 2734 871 2794 in
898 2737 1047 2796 contextu
1076 2731 1188 2821 eodem

97 2838 193 2918 piene
220 2837 314 2900 modo
342 2839 494 2902 exhibens
520 2839 605 2902 hund
627 2826 713 2902 'sonu
749 2857 819 2902 esse
850 2839 1052 2912 existimavit-3
1083 2855 1189 2918 neque

100 2945 248 3025 equidem
278 2947 394 3009 iniitins
421 2947 533 3010 iverim
553 2947 634 3009 mirn
653 2964 724 3010 esse
744 2945 847 3010 videri
867 2947 964 3010 verbo
992 2935 1075 3018 ὁδὸς
1095 2935 1186 3008 nic·
1206 2996 1208 3002 ,

99 3051 156 3132 pia
182 3060 218 3116 et
245 3045 471 3142 ἀμαξήλατος
502 3047 547 3116 δι’
581 3052 702 3138 ἀγρῶν
728 3057 856 3136 πορεία
886 3055 1027 3116 intense
1047 3055 1092 3139 ito
1112 3069 1188 3114 oon-

32 3220 35 3229 .
94 3161 216 3242 juncto.
259 3163 293 3226 ln
312 3164 355 3225 iis
373 3167 478 3226 minen
497 3163 578 3244 ipris
598 3181 753 3242 quaerere
773 3161 876 3224 cdhno
899 3161 1063 3244 possimne,
1083 3164 1189 3222 utrum

100 3258 183 3342 ὁδὸς
206 3259 338 3349 πλαγία
354 3258 592 3354 ἁμαξῆλατος,
613 3266 659 3328 δι’
682 3263 803 3352 ἀγρῶν
819 3263 947 3349 πορεία
963 3259 1188 3348 distinguemus

99 3394 148 3454 nn,
169 3375 353 3437 discrimine
379 3375 525 3437 nimirum
553 3375 637 3438 inter
658 3367 744 3438 ὁδόν
772 3393 853 3455 qnne
873 3375 985 3437 semite
1005 3376 1112 3454 potins
1132 3390 1186 3438 cx·

99 3485 174 3546 istut
195 3490 291 3564 etque
312 3474 543 3572 ἁμαξήλατον
566 3482 715 3569 πορείαν
736 3485 800 3546 iter
820 3483 1060 3569 ourrunmfnsui
1081 3481 1204 3562 opium

97 3590 281 3668 statuendo,
309 3593 460 3673 copulare
486 3593 531 3654 iic
553 3591 739 3654 debeamus:
771 3580 855 3663 ὁδὸς
874 3584 1021 3672 πλαγία,
1050 3581 1187 3678 ἁμαξή-

47 3723 51 3732 ⁴
97 3693 207 3772 λατος
229 3696 276 3762 δι’
297 3694 417 3782 ἀγροῖο
437 3702 576 3782 πορεία.
617 3697 717 3760 Nemo
732 3701 835 3760 cutem
851 3697 989 3760 virorum
1012 3694 1188 3774 doctorum,

100 3807 187 3887 qnod
215 3805 343 3886 quidem
368 3809 482 3884 scium,
517 3807 551 3868 in
577 3808 672 3868 textis
699 3807 793 3888 liujus
820 3805 886 3868 loci
912 3805 1141 3868 constituendis
1167 3823 1187 3866 c

101 3915 228 3995 vulgato
247 3915 370 3992 ustione
390 3911 536 3976 discescit
557 3919 591 3974 et
611 3913 860 3976 recentissimum
882 3931 1009 3992 quoque
1029 3911 1186 3974 editorem

99 4023 318 4084 linttmunnnm
349 4024 502 4102 integrum
529 4039 597 4084 eum
626 4020 792 4101 reliquisse
818 4019 913 4082 video
941 4019 1027 4084 nolin
1054 4013 1186 4100 insuper

100 4129 348 4211 interpungendi
369 4135 443 4190 noto
462 4128 660 4210 interposito.
713 4126 806 4209 Apud
829 4127 967 4190 Guiiinm
994 4115 1078 4198 ὁδὸς
1099 4121 1186 4188 πλα-

102 4231 159 4313 γία
182 4239 256 4300 entis
276 4242 424 4300 noocrute
445 4233 485 4299 cd
505 4237 602 4299 verbo
615 4253 739 4301 versum
760 4240 809 4298 est
827 4235 881 4297 oio
900 4231 1034 4314 obliquo,
1054 4231 1088 4295 id
1109 4249 1186 4296 vero

936 4343 1014 4442 οι,
