2734 4718
467 273 840 356 *371*-

104 468 240 530 lectioul
263 481 424 548 σταμττου
452 465 503 526 vel
532 457 654 553 ᾰμπον
676 467 815 530 omnium
836 470 1012 550 proximum
1033 473 1125 530 esset
1166 469 1202 532 lu

106 577 172 638 line
204 583 308 638 autem
337 575 438 636 nostri
466 571 636 656 fragmenti
659 572 788 640 ¹(icilius
820 561 886 650 ἕως
917 581 988 638 τῶν
1014 573 1204 642 Θετταλῶν

112 676 277 765 Τόμποος
304 679 505 746 scribendum
534 687 567 744 et
591 681 688 742 verba
717 681 783 744 rod
811 674 1013 768 Μαγνήτων
1036 677 1201 768 Ὀμολιόυ

108 788 246 851 delenda
281 807 352 851 esse
383 789 587 864 existimavit,
622 789 744 870 quippe
783 806 864 868 quae
896 790 1124 870 explanationis
1153 792 1205 854 vel

108 896 339 958 emendationis
360 913 453 956 causa
473 893 599 976 adjecta
619 893 753 956 luissent
773 901 807 956 ct
827 901 995 976 praetcrea
1016 896 1055 958 ud
1074 897 1205 976 Phileae
1293 959 1296 964 .

107 1002 338 1084 geographiam
358 1001 511 1077 redirent,
532 1001 587 1062 abs
610 1019 670 1080 qua
687 1000 901 1065 Dicaearchus
921 999 1101 1066 recederet
1143 1005 1205 1066 Ge·

107 1115 213 1170 terum
234 1109 417 1190 Magnetum
437 1107 616 1170 Homolium
638 1112 672 1168 et
692 1106 877 1170 Thessalica
898 1109 1020 1192 Tempe
1043 1111 1116 1172 ideo
1136 1111 1205 1172 for·
1276 1125 1282 1130 ’

109 1220 194 1276 tasse
210 1215 301 1297 juxto
332 1215 485 1278 collocata
498 1219 578 1307 'sunt
598 1213 638 1306 ud
666 1219 839 1277 extremum
861 1217 1017 1279 Graeciae
1037 1219 1205 1286 terminum

108 1322 364 1405 significandum,
394 1322 480 1411 quod
501 1320 580 1386 illud
601 1339 749 1384 summam
771 1325 840 1406 ejus
862 1331 969 1386 terrae
990 1327 1205 1388 extensionem

110 1434 360 1514 septentrionem
389 1449 517 1509 versus,
547 1429 627 1494 haec
657 1449 734 1494 vero
762 1451 864 1514 usque
886 1433 925 1494 ad
947 1453 1034 1496 mare
1055 1439 1205 1515 porrecta

111 1546 285 1600 extremum
306 1541 462 1602 orientem
483 1538 625 1600 iudicare
646 1537 824 1602 debuerint.
866 1541 1001 1602 Homole
1015 1543 1205 1604 antenatus

109 1649 291 1712 Homolium
310 1667 373 1714 non
392 1649 494 1711 solum
514 1667 606 1710 mons
624 1649 659 1710 in
676 1647 839 1730 Magnesia
860 1650 1010 1728 exstabat,
1031 1650 1089 1714 sed
1110 1653 1203 1712 etiam

112 1755 281 1837 oppidum,
312 1755 397 1837 quod
414 1757 540 1818 'Peneus
561 1755 674 1818 fluvius
693 1755 959 1836 praeterfluebat,
987 1758 1025 1818 ab
1048 1759 1206 1822 exsulibus

109 1865 245 1927 fortasse
274 1861 458 1946 quibusdam
478 1865 639 1928 Thebanis
667 1869 739 1926 oute
769 1865 899 1946 Trojam
930 1863 1065 1928 deletam
1095 1866 1204 1928 condi·

109 1978 195 2050 tum,
226 1974 254 2034 si
281 1972 410 2054 ‘quidem
430 1973 613 2034 Pausaniam
634 1969 696 2032 huc
718 1969 888 2032 referimus
906 1971 1129 2034 Thebanorum
1151 1991 1205 2034 ex·
1325 2011 1328 2019 =

6 2157 7 2164 γ
110 2065 195 2143 eules
223 2081 278 2142 illo
307 2087 452 2162 tempore
473 2078 630 2144 Homolen
657 2085 794 2142 montem
821 2079 976 2142 insedisse
1002 2081 1111 2160 ibique
1133 2100 1204 2142 ver·

109 2196 195 2252 sator
215 2208 286 2252 esse
306 2194 620 2265 commemorantem,
648 2186 750 2250 donec
772 2175 832 2269 per
853 2187 1089 2262 Thersaudrum
1110 2189 1204 2270 Poly·

109 2297 192 2360 uicis
219 2297 319 2360 lilium
346 2300 380 2360 iu
401 2299 535 2379 patriam
564 2297 705 2360 restituti
732 2296 876 2358 fuissent.
931 2296 1089 2359 Muellero
1120 2299 1204 2360 enim

110 2405 154 2468 ci.
175 2406 324 2470 Orchom.
346 2411 379 2468 et
398 2407 500 2486 Miny.
521 2425 553 2488 p.
566 2405 630 2466 283
651 2424 826 2486 quanquam
847 2405 1001 2466 assentior
1021 2403 1203 2470 Pausaniam

111 2513 144 2574 iu
165 2531 205 2575 eo
227 2514 381 2575 erravisse
395 2514 548 2588 censenti,
570 2510 655 2592 quod
677 2517 790 2592 portae
804 2498 984 2574 Thebarum
998 2511 1204 2578 Homoloidas

111 2620 149 2682 ab
174 2621 308 2684 Homole
322 2621 504 2703 Magnesiae
525 2639 638 2682 nomen
659 2621 853 2700 acceperint,
873 2637 935 2682 non
956 2638 1080 2682 causam
1101 2625 1205 2682 tumen
1266 2611 1268 2616 ’

109 2727 204 2790 video
221 2729 357 2810 justam,
390 2747 451 2810 qua
471 2733 574 2790 motus
595 2727 636 2788 de
657 2725 782 2788 colonia
802 2745 840 2787 ea
861 2727 986 2798 omniuo
1008 2726 1150 2788 dubitem
1169 2731 1204 2788 et

110 2853 284 2905 connexum
313 2836 467 2916 quendam
496 2837 582 2896 inter
603 2833 753 2896 Homolen
773 2831 966 2912 Magnesiae.
985 2835 1019 2904 et
1038 2821 1202 2895 Homoloi-

111 2939 186 3002 dum
199 2939 362 3022 portarum
377 2941 686 3020 Homoloeorumque
698 2938 772 3000 festi
795 2931 862 3026 (cf.
876 2936 1015 3000 Bocckb.
1030 2937 1202 3008 Oeconom.
1219 2963 1235 2989 x
1323 3004 1327 3014 Χ

109 3049 227 3113 Athen.
240 3050 279 3128 ll,
299 3071 331 3132 p.
344 3043 431 3136 tol)
453 3049 708 3112 nominainhticr
729 3065 769 3108 ex
790 3046 942 3109 vocabulo
958 3033 1099 3128 όμολος,
1116 3043 1202 3124 quod

109 3156 197 3238 apud
217 3158 390 3222 Aeolenses
416 3159 456 3220 ad
477 3164 622 3238 pacatum
649 3161 684 3218 et
709 3154 858 3218 socialem
886 3144 1000 3218 stat'um
1022 3153 1202 3234 significan·

6 3250 9 3264 ’
111 3264 186 3328 dnm
207 3266 355 3328 usitatum
375 3266 474 3328 fuisse
497 3263 624 3342 dicitur,
644 3262 866 3346 repetendum.
907 3261 958 3323 (il.
971 3259 1134 3323 Strabonis
1154 3261 1202 3322 lo·
1305 3285 1306 3288 ¹

109 3390 182 3434 cum
209 3391 248 3434 ex
277 3374 407 3455 egregio
436 3371 615 3436 Groslrurdi
643 3369 860 3435 emendatione
888 3367 947 3444 tx,
973 3386 1006 3449 p.
1026 3365 1089 3428 443
1118 3355 1199 3440 τοός
1315 3455 1321 3466 Ι

110 3473 147 3542 δ’
171 3463 239 3542 οὖν’
262 3471 330 3544 ὑπὸ
353 3479 418 3544 τοῦ
439 3484 589 3567 ποιητοῦ
610 3471 797 3560 λεχθέντας
820 3464 1009 3562 Μάγνητας
1032 3463 1203 3550 ὑστάτους

105 3583 148 3653 ἐν
169 3584 222 3668 τῷ
246 3581 449 3670 &caradocci
475 3577 664 3670 καταλόγῳ
693 3571 879 3670 νομιστέον
906 3571 1201 3658 catalonicum

107 3689 262 3784 Τεμπῶν
296 3685 371 3759 ἀπό
400 3701 465 3759 τοῦ
485 3689 637 3778 Πηνειοῦ
663 3694 723 3758 καὶ
751 3693 812 3778 τῆς
826 3684 952 3779 Ὄσσης
973 3678 1038 3766 ’ἕως
1059 3685 1202 3778 Πηλίου,
1313 3693 1328 3750 ᾖ

107 3793 335 3868 Μακεδόνων
366 3809 440 3876 τοῖς
470 3795 680 3886 decendente
712 3791 868 3886 ὁμόρους
897 3805 972 3872 τοῖς
1003 3790 1120 3881 ἔχουσι
1141 3787 1210 3880 τὴν

105 3909 175 3974 τοῦ
197 3909 346 3998 Πηνειοῦ
367 3914 516 3996 περαίαν
536 3901 845 3996 με’γρτθαλόττης.
876 3895 916 3969 τό
939 3893 1002 3990 μὲν
1023 3884 1085 3968 σόν
1103 3897 1202 3993 ‘Opto'-

105 4014 186 4082 λιον
209 4007 229 4102 ἢ
252 4007 311 4104 τόν
329 4010 481 4104 Ὁμόλην
501 4009 651 4100 (λέγεται
665 4005 729 4101 γὰρ
752 4007 975 4106 ἀμφοτέρας)
996 4003 1200 4074 decoctior

106 4121 245 4200 αὐτοῖς·
268 4121 401 4212 εἴρηται
422 4122 457 4191 δ’
481 4123 516 4190 εν
538 4133 612 4202 τοῖς
634 4119 888 4197 Μακεδονικοῖς
909 4116 989 4207 (qui
1009 4120 1098 4182 locus
1119 4137 1200 4181 nunc

102 4235 255 4316 jamnon
276 4228 458 4322 superest),
481 4223 534 4298 ότι
555 4231 625 4298 ἐστὶ
645 4223 735 4317 πρὸς
755 4231 798 4316 τῇ
811 4221 919 4312 Ὄσσῃ
941 4214 1033 4290 torci
1055 4213 1116 4310 τὴν
1139 4223 1200 4308 dp-

909 4329 997 4412 al*
