<?xml version="1.0" encoding="UTF-8"?>
<!DOCTYPE html PUBLIC "-//W3C//DTD XHTML 1.0 Transitional//EN"
    "http://www.w3.org/TR/xhtml1/DTD/xhtml1-transitional.dtd">
<html xmlns="http://www.w3.org/1999/xhtml" xml:lang="en" lang="en">
 <head>
  <title>
</title>
<meta http-equiv="Content-Type" content="text/html;charset=utf-8" />
  <meta name='ocr-system' content='tesseract 3.04.00' />
  <meta name='ocr-capabilities' content='ocr_page ocr_carea ocr_par ocr_line ocrx_word'/>
</head>
<body>
  <div class='ocr_page' id='page_1' title='image "./dicaearchimesse00fuhrgoog_0031.png"; bbox 0 0 2728 4726; ppageno 0'>
   <div class='ocr_carea' id='block_1_1' title="bbox 452 220 889 350">
    <p class='ocr_par' dir='ltr' id='par_1_1' title="bbox 452 220 889 350">
     <span class='ocr_line' id='line_1_1' title="bbox 452 220 889 350; baseline -0.014 -23"><span class='ocrx_word' id='word_1_1' title='bbox 452 220 889 350; x_wconf 37' lang='grc' dir='ltr'><strong>’.μω-.-</strong></span> 
     </span>
    </p>
   </div>
   <div class='ocr_carea' id='block_1_2' title="bbox 112 444 1264 820">
    <p class='ocr_par' dir='ltr' id='par_1_2' title="bbox 112 444 1264 820">
     <span class='ocr_line' id='line_1_2' title="bbox 166 444 1264 546; baseline -0.002 -24"><span class='ocrx_word' id='word_1_2' title='bbox 166 469 243 546; x_wconf 53' lang='lat' dir='ltr'><strong>&#39;tohu</strong></span> <span class='ocrx_word' id='word_1_3' title='bbox 263 466 310 520; x_wconf 87' lang='lat' dir='ltr'><strong>uhi</strong></span> <span class='ocrx_word' id='word_1_4' title='bbox 327 465 454 519; x_wconf 86' lang='lat' dir='ltr'><strong>distincta</strong></span> <span class='ocrx_word' id='word_1_5' title='bbox 472 462 571 518; x_wconf 88' lang='lat' dir='ltr'><strong>Suidse</strong></span> <span class='ocrx_word' id='word_1_6' title='bbox 589 444 879 534; x_wconf 70' lang='lat' dir='ltr'><strong>auctoritas&#39;sccedit,</strong></span> <span class='ocrx_word' id='word_1_7' title='bbox 901 463 1011 520; x_wconf 85' lang='lat' dir='ltr'><strong>minime</strong></span> <span class='ocrx_word' id='word_1_8' title='bbox 1034 462 1153 518; x_wconf 83' lang='lat' dir='ltr'><strong>omnium</strong></span> <span class='ocrx_word' id='word_1_9' title='bbox 1175 467 1264 533; x_wconf 79' lang='lat' dir='ltr'><strong>negli-</strong></span> 
     </span>
     <span class='ocr_line' id='line_1_3' title="bbox 151 555 1264 634; baseline -0.001 -19"><span class='ocrx_word' id='word_1_10' title='bbox 151 561 285 629; x_wconf 76' lang='lat' dir='ltr'><strong>-gendum</strong></span> <span class='ocrx_word' id='word_1_11' title='bbox 315 569 373 618; x_wconf 84' lang='lat' dir='ltr'><strong>cst.</strong></span> <span class='ocrx_word' id='word_1_12' title='bbox 404 558 510 614; x_wconf 85' lang='lat' dir='ltr'><strong>etiamsi</strong></span> <span class='ocrx_word' id='word_1_13' title='bbox 535 558 658 634; x_wconf 89' lang='lat' dir='ltr'><strong>alioquin</strong></span> <span class='ocrx_word' id='word_1_14' title='bbox 685 558 882 614; x_wconf 74' lang='lat' dir='ltr'>Dicaearchum</span> <span class='ocrx_word' id='word_1_15' title='bbox 909 561 988 612; x_wconf 88' lang='lat' dir='ltr'><strong>istam</strong></span> <span class='ocrx_word' id='word_1_16' title='bbox 1013 555 1138 614; x_wconf 81' lang='lat' dir='ltr'><strong>notitiam</strong></span> <span class='ocrx_word' id='word_1_17' title='bbox 1155 560 1264 625; x_wconf 78' lang='lat' dir='ltr'><strong>[itinere</strong></span> 
     </span>
     <span class='ocr_line' id='line_1_4' title="bbox 168 653 1264 728; baseline -0.002 -18"><span class='ocrx_word' id='word_1_18' title='bbox 168 673 217 728; x_wconf 84' lang='lat' dir='ltr'><strong>per</strong></span> <span class='ocrx_word' id='word_1_19' title='bbox 227 655 345 710; x_wconf 89' lang='lat' dir='ltr'><strong>Siciliam</strong></span> <span class='ocrx_word' id='word_1_20' title='bbox 362 655 436 710; x_wconf 84' lang='lat' dir='ltr'><strong>lacto</strong></span> <span class='ocrx_word' id='word_1_21' title='bbox 454 654 498 710; x_wconf 83' lang='lat' dir='ltr'><strong>vel</strong></span> <span class='ocrx_word' id='word_1_22' title='bbox 516 653 598 711; x_wconf 86' lang='lat' dir='ltr'><strong>etiam</strong></span> <span class='ocrx_word' id='word_1_23' title='bbox 614 653 690 708; x_wconf 83' lang='lat' dir='ltr'><strong>lihria</strong></span> <span class='ocrx_word' id='word_1_24' title='bbox 708 671 740 708; x_wconf 88' lang='lat' dir='ltr'><strong>ea</strong></span> <span class='ocrx_word' id='word_1_25' title='bbox 757 653 791 709; x_wconf 91' lang='lat' dir='ltr'><strong>de</strong></span> <span class='ocrx_word' id='word_1_26' title='bbox 808 655 896 708; x_wconf 87' lang='lat' dir='ltr'><strong>insula</strong></span> <span class='ocrx_word' id='word_1_27' title='bbox 907 654 1033 727; x_wconf 71' lang='lat' dir='ltr'><strong>perlectis</strong></span> <span class='ocrx_word' id='word_1_28' title='bbox 1045 653 1264 726; x_wconf 84' lang='lat' dir='ltr'><strong>sibicomparars</strong></span> 
     </span>
     <span class='ocr_line' id='line_1_5' title="bbox 112 747 559 820; baseline -0.002 -18"><span class='ocrx_word' id='word_1_29' title='bbox 112 777 114 782; x_wconf 95' lang='lat'>·</span> <span class='ocrx_word' id='word_1_30' title='bbox 168 749 286 820; x_wconf 85' lang='lat' dir='ltr'><strong>potuisse</strong></span> <span class='ocrx_word' id='word_1_31' title='bbox 304 748 439 818; x_wconf 80' lang='lat' dir='ltr'><strong>conjicere</strong></span> <span class='ocrx_word' id='word_1_32' title='bbox 456 747 559 803; x_wconf 81' lang='lat' dir='ltr'><strong>liceret</strong></span> 
     </span>
    </p>
   </div>
   <div class='ocr_carea' id='block_1_3' title="bbox 167 862 1283 1034">
    <p class='ocr_par' dir='ltr' id='par_1_3' title="bbox 167 862 1283 1034">
     <span class='ocr_line' id='line_1_6' title="bbox 238 862 1283 940; baseline 0.001 -19"><span class='ocrx_word' id='word_1_33' title='bbox 238 869 270 934; x_wconf 84' lang='lat'><strong>2)</strong></span> <span class='ocrx_word' id='word_1_34' title='bbox 290 865 363 918; x_wconf 87' lang='lat' dir='ltr'><strong>Suid.</strong></span> <span class='ocrx_word' id='word_1_35' title='bbox 381 871 401 919; x_wconf 86' lang='lat' dir='ltr'><strong>t.</strong></span> <span class='ocrx_word' id='word_1_36' title='bbox 419 865 449 931; x_wconf 89' lang='lat'><strong>1,</strong></span> <span class='ocrx_word' id='word_1_37' title='bbox 467 883 495 936; x_wconf 86' lang='lat' dir='ltr'><strong>p·</strong></span> <span class='ocrx_word' id='word_1_38' title='bbox 515 867 575 924; x_wconf 78' lang='lat'><strong>585·</strong></span> <span class='ocrx_word' id='word_1_39' title='bbox 620 867 777 940; x_wconf 78' lang='grc' dir='ltr'><strong><em>Δικαίαρχος</em></strong></span> <span class='ocrx_word' id='word_1_40' title='bbox 803 869 921 930; x_wconf 72' lang='grc' dir='ltr'><strong>Φειδίου,</strong></span> <span class='ocrx_word' id='word_1_41' title='bbox 948 862 1098 940; x_wconf 65' lang='grc' dir='ltr'><strong>Σικελιῶνης</strong></span> <span class='ocrx_word' id='word_1_42' title='bbox 1116 871 1145 922; x_wconf 74' lang='lat' dir='ltr'><strong>ta</strong></span> <span class='ocrx_word' id='word_1_43' title='bbox 1167 865 1283 931; x_wconf 67' lang='grc' dir='ltr'><strong><em>πόλεως-</em></strong></span> 
     </span>
     <span class='ocr_line' id='line_1_7' title="bbox 167 959 448 1034; baseline -0.028 -14"><span class='ocrx_word' id='word_1_44' title='bbox 167 959 311 1034; x_wconf 73' lang='grc' dir='ltr'><strong>Μεσσὴνης</strong></span> <span class='ocrx_word' id='word_1_45' title='bbox 327 983 351 1014; x_wconf 77' lang='lat' dir='ltr'><strong>s.</strong></span> <span class='ocrx_word' id='word_1_46' title='bbox 368 981 393 1017; x_wconf 77' lang='lat' dir='ltr'><strong>a.</strong></span> <span class='ocrx_word' id='word_1_47' title='bbox 409 962 448 1015; x_wconf 66' lang='lat'><strong>200¹</strong></span> 
     </span>
    </p>
   </div>
   <div class='ocr_carea' id='block_1_4' title="bbox 236 1075 941 1152">
    <p class='ocr_par' dir='ltr' id='par_1_4' title="bbox 236 1075 941 1152">
     <span class='ocr_line' id='line_1_8' title="bbox 236 1075 941 1152; baseline 0.001 -21"><span class='ocrx_word' id='word_1_48' title='bbox 236 1081 267 1150; x_wconf 83' lang='lat'><strong>3)</strong></span> <span class='ocrx_word' id='word_1_49' title='bbox 284 1079 347 1152; x_wconf 86' lang='lat' dir='ltr'><strong>Qua</strong></span> <span class='ocrx_word' id='word_1_50' title='bbox 363 1077 393 1129; x_wconf 94' lang='lat' dir='ltr'><strong>in</strong></span> <span class='ocrx_word' id='word_1_51' title='bbox 411 1075 545 1130; x_wconf 87' lang='lat' dir='ltr'><strong>sententia</strong></span> <span class='ocrx_word' id='word_1_52' title='bbox 564 1076 682 1144; x_wconf 81' lang='lat' dir='ltr'><strong>lisgerus</strong></span> <span class='ocrx_word' id='word_1_53' title='bbox 699 1077 787 1132; x_wconf 86' lang='lat' dir='ltr'><strong>facem</strong></span> <span class='ocrx_word' id='word_1_54' title='bbox 804 1079 941 1151; x_wconf 89' lang='lat' dir='ltr'><strong>praetulit.</strong></span> 
     </span>
    </p>
   </div>
   <div class='ocr_carea' id='block_1_5' title="bbox 165 1183 1286 1930">
    <p class='ocr_par' dir='ltr' id='par_1_5' title="bbox 165 1183 1286 1930">
     <span class='ocr_line' id='line_1_9' title="bbox 207 1183 1280 1278; baseline -0.001 -23"><span class='ocrx_word' id='word_1_55' title='bbox 207 1183 209 1188; x_wconf 34' lang='lat'><strong>¹</strong></span> <span class='ocrx_word' id='word_1_56' title='bbox 235 1199 265 1270; x_wconf 80' lang='lat'><strong>4)</strong></span> <span class='ocrx_word' id='word_1_57' title='bbox 275 1191 464 1254; x_wconf 82' lang='lat' dir='ltr'><strong>Doctissimum</strong></span> <span class='ocrx_word' id='word_1_58' title='bbox 474 1197 548 1253; x_wconf 90' lang='lat' dir='ltr'><strong>hunc</strong></span> <span class='ocrx_word' id='word_1_59' title='bbox 557 1199 653 1266; x_wconf 85' lang='lat' dir='ltr'><strong>airum,</strong></span> <span class='ocrx_word' id='word_1_60' title='bbox 669 1199 868 1268; x_wconf 77' lang='lat' dir='ltr'><strong>chronologicis</strong></span> <span class='ocrx_word' id='word_1_61' title='bbox 880 1201 933 1263; x_wconf 81' lang='lat' dir='ltr'><strong>sois</strong></span> <span class='ocrx_word' id='word_1_62' title='bbox 943 1200 1037 1256; x_wconf 89' lang='lat' dir='ltr'><strong>studiis</strong></span> <span class='ocrx_word' id='word_1_63' title='bbox 1046 1201 1263 1278; x_wconf 77' lang='lat' dir='ltr'><strong>celeberrimum,</strong></span> <span class='ocrx_word' id='word_1_64' title='bbox 1275 1225 1280 1234; x_wconf 83' lang='lat'>·</span> 
     </span>
     <span class='ocr_line' id='line_1_10' title="bbox 167 1274 1263 1370; baseline 0.001 -23"><span class='ocrx_word' id='word_1_65' title='bbox 167 1296 197 1350; x_wconf 91' lang='lat' dir='ltr'><strong>in</strong></span> <span class='ocrx_word' id='word_1_66' title='bbox 214 1295 286 1362; x_wconf 79' lang='lat' dir='ltr'><strong>larga</strong></span> <span class='ocrx_word' id='word_1_67' title='bbox 305 1274 338 1348; x_wconf 85' lang='lat' dir='ltr'><strong>de</strong></span> <span class='ocrx_word' id='word_1_68' title='bbox 357 1293 525 1348; x_wconf 78' lang='lat' dir='ltr'><strong>Dicaearcho</strong></span> <span class='ocrx_word' id='word_1_69' title='bbox 543 1296 656 1366; x_wconf 85' lang='lat' dir='ltr'><strong>ejusque</strong></span> <span class='ocrx_word' id='word_1_70' title='bbox 674 1293 827 1362; x_wconf 76' lang='lat' dir='ltr'><strong>fragmentis</strong></span> <span class='ocrx_word' id='word_1_71' title='bbox 846 1295 1048 1361; x_wconf 74' lang='lat' dir='ltr'><strong>dissertatione,</strong></span> <span class='ocrx_word' id='word_1_72' title='bbox 1067 1313 1137 1370; x_wconf 88' lang='lat' dir='ltr'><strong>quae</strong></span> <span class='ocrx_word' id='word_1_73' title='bbox 1154 1295 1184 1348; x_wconf 90' lang='lat' dir='ltr'><strong>in</strong></span> <span class='ocrx_word' id='word_1_74' title='bbox 1197 1296 1263 1350; x_wconf 87' lang='lat' dir='ltr'><strong>Gai·</strong></span> 
     </span>
     <span class='ocr_line' id='line_1_11' title="bbox 165 1386 1264 1462; baseline 0.003 -22"><span class='ocrx_word' id='word_1_75' title='bbox 165 1387 197 1442; x_wconf 87' lang='lat' dir='ltr'><strong>lii</strong></span> <span class='ocrx_word' id='word_1_76' title='bbox 215 1386 371 1459; x_wconf 84' lang='lat' dir='ltr'><strong>geographis</strong></span> <span class='ocrx_word' id='word_1_77' title='bbox 389 1387 602 1442; x_wconf 76' lang='lat' dir='ltr'><strong>secondisouris</strong></span> <span class='ocrx_word' id='word_1_78' title='bbox 620 1389 733 1460; x_wconf 85' lang='lat' dir='ltr'><strong>repetita</strong></span> <span class='ocrx_word' id='word_1_79' title='bbox 752 1397 807 1456; x_wconf 87' lang='lat' dir='ltr'><strong>est,</strong></span> <span class='ocrx_word' id='word_1_80' title='bbox 826 1390 931 1444; x_wconf 85' lang='lat' dir='ltr'><strong>etiamsi</strong></span> <span class='ocrx_word' id='word_1_81' title='bbox 950 1392 1080 1444; x_wconf 85' lang='lat' dir='ltr'><strong>nonnulla</strong></span> <span class='ocrx_word' id='word_1_82' title='bbox 1097 1408 1157 1444; x_wconf 88' lang='lat' dir='ltr'><strong>cum</strong></span> <span class='ocrx_word' id='word_1_83' title='bbox 1172 1391 1264 1462; x_wconf 85' lang='lat' dir='ltr'><strong>aliqua</strong></span> 
     </span>
     <span class='ocr_line' id='line_1_12' title="bbox 166 1481 1262 1558; baseline -0.001 -18"><span class='ocrx_word' id='word_1_84' title='bbox 166 1483 223 1549; x_wconf 77' lang='lat' dir='ltr'><strong>veri</strong></span> <span class='ocrx_word' id='word_1_85' title='bbox 249 1481 338 1554; x_wconf 89' lang='lat' dir='ltr'><strong>specie</strong></span> <span class='ocrx_word' id='word_1_86' title='bbox 363 1483 510 1551; x_wconf 83' lang='lat' dir='ltr'><strong>conjecisse</strong></span> <span class='ocrx_word' id='word_1_87' title='bbox 537 1483 731 1549; x_wconf 86' lang='lat' dir='ltr'><strong>concesserim,</strong></span> <span class='ocrx_word' id='word_1_88' title='bbox 759 1484 821 1537; x_wconf 89' lang='lat' dir='ltr'><strong>ideo</strong></span> <span class='ocrx_word' id='word_1_89' title='bbox 846 1493 937 1539; x_wconf 86' lang='lat' dir='ltr'><strong>tamen</strong></span> <span class='ocrx_word' id='word_1_90' title='bbox 963 1485 1129 1557; x_wconf 86' lang='lat' dir='ltr'><strong>potissimum</strong></span> <span class='ocrx_word' id='word_1_91' title='bbox 1147 1502 1262 1558; x_wconf 85' lang='lat' dir='ltr'><strong>peccare</strong></span> 
     </span>
     <span class='ocr_line' id='line_1_13' title="bbox 165 1567 1286 1650; baseline 0 -18"><span class='ocrx_word' id='word_1_92' title='bbox 165 1577 319 1649; x_wconf 78' lang='lat' dir='ltr'><strong>saepissime</strong></span> <span class='ocrx_word' id='word_1_93' title='bbox 337 1575 459 1631; x_wconf 86' lang='lat' dir='ltr'><strong>debuisse</strong></span> <span class='ocrx_word' id='word_1_94' title='bbox 477 1567 648 1649; x_wconf 88' lang='lat' dir='ltr'><strong>perspicuum</strong></span> <span class='ocrx_word' id='word_1_95' title='bbox 666 1587 722 1644; x_wconf 87' lang='lat' dir='ltr'><strong>est,</strong></span> <span class='ocrx_word' id='word_1_96' title='bbox 748 1577 822 1649; x_wconf 90' lang='lat' dir='ltr'><strong>quod</strong></span> <span class='ocrx_word' id='word_1_97' title='bbox 844 1596 932 1650; x_wconf 88' lang='lat' dir='ltr'><strong>neque</strong></span> <span class='ocrx_word' id='word_1_98' title='bbox 961 1579 994 1632; x_wconf 88' lang='lat' dir='ltr'><strong>de</strong></span> <span class='ocrx_word' id='word_1_99' title='bbox 1019 1577 1112 1634; x_wconf 86' lang='lat' dir='ltr'><strong>critica</strong></span> <span class='ocrx_word' id='word_1_100' title='bbox 1130 1573 1286 1646; x_wconf 59' lang='lat' dir='ltr'><strong>&#39;fragmen-⁸</strong></span> 
     </span>
     <span class='ocr_line' id='line_1_14' title="bbox 165 1669 1264 1742; baseline 0.001 -16"><span class='ocrx_word' id='word_1_101' title='bbox 165 1679 255 1726; x_wconf 85' lang='lat' dir='ltr'><strong>torum</strong></span> <span class='ocrx_word' id='word_1_102' title='bbox 281 1671 530 1726; x_wconf 86' lang='lat' dir='ltr'><strong>Dicaearcheosum</strong></span> <span class='ocrx_word' id='word_1_103' title='bbox 561 1669 723 1725; x_wconf 84' lang='lat' dir='ltr'><strong>auctoritate</strong></span> <span class='ocrx_word' id='word_1_104' title='bbox 749 1671 923 1742; x_wconf 82' lang='lat' dir='ltr'><strong>inquisiverat</strong></span> <span class='ocrx_word' id='word_1_105' title='bbox 949 1681 977 1726; x_wconf 86' lang='lat' dir='ltr'><strong>et</strong></span> <span class='ocrx_word' id='word_1_106' title='bbox 1003 1674 1166 1742; x_wconf 85' lang='lat' dir='ltr'><strong>conjecturis</strong></span> <span class='ocrx_word' id='word_1_107' title='bbox 1187 1673 1264 1727; x_wconf 85' lang='lat' dir='ltr'><strong>haud</strong></span> 
     </span>
     <span class='ocr_line' id='line_1_15' title="bbox 166 1752 1263 1840; baseline 0.002 -20"><span class='ocrx_word' id='word_1_108' title='bbox 166 1784 227 1820; x_wconf 85' lang='lat' dir='ltr'><strong>raro</strong></span> <span class='ocrx_word' id='word_1_109' title='bbox 246 1767 394 1820; x_wconf 87' lang='lat' dir='ltr'><strong>temerariis</strong></span> <span class='ocrx_word' id='word_1_110' title='bbox 412 1766 478 1821; x_wconf 81' lang='lat' dir='ltr'><strong>alias</strong></span> <span class='ocrx_word' id='word_1_111' title='bbox 495 1766 663 1835; x_wconf 83' lang='lat' dir='ltr'><strong>conjecturas</strong></span> <span class='ocrx_word' id='word_1_112' title='bbox 675 1752 819 1840; x_wconf 63' lang='lat' dir='ltr'><strong>&#39;nouasque</strong></span> <span class='ocrx_word' id='word_1_113' title='bbox 836 1765 981 1820; x_wconf 89' lang='lat' dir='ltr'><strong>sententias</strong></span> <span class='ocrx_word' id='word_1_114' title='bbox 999 1774 1179 1840; x_wconf 82' lang='lat' dir='ltr'><strong>superstruere</strong></span> <span class='ocrx_word' id='word_1_115' title='bbox 1190 1768 1263 1822; x_wconf 89' lang='lat' dir='ltr'><strong>hand</strong></span> 
     </span>
     <span class='ocr_line' id='line_1_16' title="bbox 167 1861 392 1930; baseline 0.009 -16"><span class='ocrx_word' id='word_1_116' title='bbox 167 1861 325 1930; x_wconf 78' lang='lat' dir='ltr'><strong>dedignatus</strong></span> <span class='ocrx_word' id='word_1_117' title='bbox 344 1871 392 1916; x_wconf 87' lang='lat' dir='ltr'><strong>cst</strong></span> 
     </span>
    </p>
   </div>
   <div class='ocr_carea' id='block_1_6' title="bbox 144 1977 1265 2527">
    <p class='ocr_par' dir='ltr' id='par_1_6' title="bbox 163 1977 1265 2434">
     <span class='ocr_line' id='line_1_17' title="bbox 234 1977 1265 2054; baseline 0.004 -20"><span class='ocrx_word' id='word_1_118' title='bbox 234 1982 264 2052; x_wconf 81' lang='grc'><strong>5)</strong></span> <span class='ocrx_word' id='word_1_119' title='bbox 281 1981 363 2054; x_wconf 84' lang='lat' dir='ltr'><strong>Quod</strong></span> <span class='ocrx_word' id='word_1_120' title='bbox 380 1997 463 2050; x_wconf 88' lang='lat' dir='ltr'><strong>qaum</strong></span> <span class='ocrx_word' id='word_1_121' title='bbox 480 1981 518 2033; x_wconf 89' lang='lat' dir='ltr'><strong>ita</strong></span> <span class='ocrx_word' id='word_1_122' title='bbox 537 1987 621 2049; x_wconf 79' lang='lat' dir='ltr'><strong>esset,</strong></span> <span class='ocrx_word' id='word_1_123' title='bbox 639 1995 747 2034; x_wconf 89' lang='lat' dir='ltr'><strong>omnem</strong></span> <span class='ocrx_word' id='word_1_124' title='bbox 764 1997 823 2034; x_wconf 88' lang='lat' dir='ltr'><strong>eam</strong></span> <span class='ocrx_word' id='word_1_125' title='bbox 840 1998 896 2035; x_wconf 87' lang='lat' dir='ltr'><strong>rem</strong></span> <span class='ocrx_word' id='word_1_126' title='bbox 907 1982 1084 2035; x_wconf 87' lang='lat' dir='ltr'><strong>Buttmannns</strong></span> <span class='ocrx_word' id='word_1_127' title='bbox 1096 1983 1177 2052; x_wconf 86' lang='lat' dir='ltr'><strong>plane</strong></span> <span class='ocrx_word' id='word_1_128' title='bbox 1192 1977 1265 2038; x_wconf 67' lang='lat' dir='ltr'><strong>omi-⁸</strong></span> 
     </span>
     <span class='ocr_line' id='line_1_18' title="bbox 165 2057 1265 2150; baseline 0 -18"><span class='ocrx_word' id='word_1_129' title='bbox 165 2077 216 2132; x_wconf 87' lang='lat' dir='ltr'><strong>sit:</strong></span> <span class='ocrx_word' id='word_1_130' title='bbox 235 2093 316 2148; x_wconf 85' lang='lat' dir='ltr'><strong>quam</strong></span> <span class='ocrx_word' id='word_1_131' title='bbox 334 2057 470 2130; x_wconf 79' lang='lat' dir='ltr'><strong>tractandi</strong></span> <span class='ocrx_word' id='word_1_132' title='bbox 488 2073 636 2142; x_wconf 77' lang='lat' dir='ltr'><strong>argumenti</strong></span> <span class='ocrx_word' id='word_1_133' title='bbox 654 2075 786 2128; x_wconf 88' lang='lat' dir='ltr'><strong>rationem</strong></span> <span class='ocrx_word' id='word_1_134' title='bbox 804 2075 928 2146; x_wconf 86' lang='lat' dir='ltr'><strong>equidem</strong></span> <span class='ocrx_word' id='word_1_135' title='bbox 947 2074 1021 2128; x_wconf 87' lang='lat' dir='ltr'><strong>haud</strong></span> <span class='ocrx_word' id='word_1_136' title='bbox 1039 2077 1180 2148; x_wconf 87' lang='lat' dir='ltr'><strong>approbo,</strong></span> <span class='ocrx_word' id='word_1_137' title='bbox 1197 2095 1265 2150; x_wconf 87' lang='lat' dir='ltr'><strong>quo-</strong></span> 
     </span>
     <span class='ocr_line' id='line_1_19' title="bbox 163 2165 1262 2239; baseline 0.001 -16"><span class='ocrx_word' id='word_1_138' title='bbox 163 2170 239 2226; x_wconf 84' lang='lat' dir='ltr'><strong>niam</strong></span> <span class='ocrx_word' id='word_1_139' title='bbox 256 2169 389 2222; x_wconf 87' lang='lat' dir='ltr'><strong>nonnulla</strong></span> <span class='ocrx_word' id='word_1_140' title='bbox 407 2169 500 2224; x_wconf 85' lang='lat' dir='ltr'><strong>saltem</strong></span> <span class='ocrx_word' id='word_1_141' title='bbox 519 2169 633 2233; x_wconf 87' lang='lat' dir='ltr'><strong>indicia,</strong></span> <span class='ocrx_word' id='word_1_142' title='bbox 653 2176 683 2222; x_wconf 90' lang='lat' dir='ltr'><strong>ut</strong></span> <span class='ocrx_word' id='word_1_143' title='bbox 701 2169 790 2222; x_wconf 88' lang='lat' dir='ltr'><strong>statim</strong></span> <span class='ocrx_word' id='word_1_144' title='bbox 809 2168 969 2234; x_wconf 81' lang='lat' dir='ltr'><strong>videbimus,</strong></span> <span class='ocrx_word' id='word_1_145' title='bbox 990 2165 1070 2223; x_wconf 86' lang='lat' dir='ltr'><strong>nohis</strong></span> <span class='ocrx_word' id='word_1_146' title='bbox 1083 2171 1176 2226; x_wconf 87' lang='lat' dir='ltr'><strong>relicta</strong></span> <span class='ocrx_word' id='word_1_147' title='bbox 1189 2180 1262 2239; x_wconf 86' lang='lat' dir='ltr'><strong>sunt,</strong></span> 
     </span>
     <span class='ocr_line' id='line_1_20' title="bbox 165 2256 1263 2338; baseline 0.002 -22"><span class='ocrx_word' id='word_1_148' title='bbox 165 2263 263 2338; x_wconf 85' lang='lat' dir='ltr'><strong>quibus</strong></span> <span class='ocrx_word' id='word_1_149' title='bbox 280 2265 416 2336; x_wconf 86' lang='lat' dir='ltr'><strong>sapienter</strong></span> <span class='ocrx_word' id='word_1_150' title='bbox 433 2270 538 2318; x_wconf 85' lang='lat' dir='ltr'><strong>utentes</strong></span> <span class='ocrx_word' id='word_1_151' title='bbox 557 2262 592 2314; x_wconf 90' lang='lat' dir='ltr'><strong>ad</strong></span> <span class='ocrx_word' id='word_1_152' title='bbox 609 2256 747 2318; x_wconf 71' lang='lat' dir='ltr'><strong>ueritatem</strong></span> <span class='ocrx_word' id='word_1_153' title='bbox 767 2263 905 2336; x_wconf 87' lang='lat' dir='ltr'><strong>aliquanto</strong></span> <span class='ocrx_word' id='word_1_154' title='bbox 920 2264 1031 2336; x_wconf 92' lang='lat' dir='ltr'><strong>propius</strong></span> <span class='ocrx_word' id='word_1_155' title='bbox 1042 2265 1169 2320; x_wconf 89' lang='lat' dir='ltr'><strong>accedere</strong></span> <span class='ocrx_word' id='word_1_156' title='bbox 1179 2283 1263 2338; x_wconf 87' lang='lat' dir='ltr'><strong>quea-</strong></span> 
     </span>
     <span class='ocr_line' id='line_1_21' title="bbox 163 2354 1263 2434; baseline 0.005 -24"><span class='ocrx_word' id='word_1_157' title='bbox 163 2376 230 2412; x_wconf 86' lang='lat' dir='ltr'><strong>mus.</strong></span> <span class='ocrx_word' id='word_1_158' title='bbox 265 2356 405 2410; x_wconf 86' lang='lat' dir='ltr'><strong>Nonnulla</strong></span> <span class='ocrx_word' id='word_1_159' title='bbox 423 2374 494 2430; x_wconf 87' lang='lat' dir='ltr'><strong>quae</strong></span> <span class='ocrx_word' id='word_1_160' title='bbox 512 2355 542 2408; x_wconf 88' lang='lat' dir='ltr'><strong>in</strong></span> <span class='ocrx_word' id='word_1_161' title='bbox 560 2354 631 2408; x_wconf 88' lang='lat' dir='ltr'><strong>hanc</strong></span> <span class='ocrx_word' id='word_1_162' title='bbox 649 2375 703 2410; x_wconf 91' lang='lat' dir='ltr'><strong>rem</strong></span> <span class='ocrx_word' id='word_1_163' title='bbox 722 2357 825 2411; x_wconf 89' lang='lat' dir='ltr'><strong>cadunt</strong></span> <span class='ocrx_word' id='word_1_164' title='bbox 842 2357 963 2430; x_wconf 86' lang='lat' dir='ltr'><strong>inprimis</strong></span> <span class='ocrx_word' id='word_1_165' title='bbox 982 2358 1105 2414; x_wconf 82' lang='lat' dir='ltr'><strong>Osannus</strong></span> <span class='ocrx_word' id='word_1_166' title='bbox 1131 2363 1160 2414; x_wconf 93' lang='lat' dir='ltr'><strong>in</strong></span> <span class='ocrx_word' id='word_1_167' title='bbox 1178 2362 1263 2434; x_wconf 87' lang='lat' dir='ltr'><strong>ephe-</strong></span> 
     </span>
    </p>

    <p class='ocr_par' dir='ltr' id='par_1_7' title="bbox 144 2452 886 2527">
     <span class='ocr_line' id='line_1_22' title="bbox 144 2452 886 2527; baseline -0.001 -21"><span class='ocrx_word' id='word_1_168' title='bbox 144 2453 275 2527; x_wconf 72' lang='lat' dir='ltr'><strong>¹nseridd.</strong></span> <span class='ocrx_word' id='word_1_169' title='bbox 294 2453 430 2506; x_wconf 88' lang='lat' dir='ltr'><strong>scholastt.</strong></span> <span class='ocrx_word' id='word_1_170' title='bbox 450 2453 469 2505; x_wconf 88' lang='lat' dir='ltr'><strong>l.</strong></span> <span class='ocrx_word' id='word_1_171' title='bbox 486 2452 505 2504; x_wconf 89' lang='lat' dir='ltr'><strong>l.</strong></span> <span class='ocrx_word' id='word_1_172' title='bbox 523 2469 550 2522; x_wconf 91' lang='lat' dir='ltr'><strong>p.</strong></span> <span class='ocrx_word' id='word_1_173' title='bbox 571 2452 639 2507; x_wconf 87' lang='grc'>1115</span> <span class='ocrx_word' id='word_1_174' title='bbox 658 2453 886 2506; x_wconf 85' lang='lat' dir='ltr'><strong>commonstravit.</strong></span> 
     </span>
    </p>
   </div>
   <div class='ocr_carea' id='block_1_7' title="bbox 164 2538 1261 2742">
    <p class='ocr_par' dir='ltr' id='par_1_8' title="bbox 164 2538 1261 2742">
     <span class='ocr_line' id='line_1_23' title="bbox 235 2538 1261 2644; baseline 0.009 -20"><span class='ocrx_word' id='word_1_175' title='bbox 235 2573 265 2642; x_wconf 83' lang='lat'><strong>6)</strong></span> <span class='ocrx_word' id='word_1_176' title='bbox 284 2571 358 2628; x_wconf 80' lang='lat' dir='ltr'><strong>said.</strong></span> <span class='ocrx_word' id='word_1_177' title='bbox 376 2571 394 2624; x_wconf 94' lang='lat' dir='ltr'><strong>l.</strong></span> <span class='ocrx_word' id='word_1_178' title='bbox 413 2569 431 2620; x_wconf 87' lang='lat' dir='ltr'><strong>l.</strong></span> <span class='ocrx_word' id='word_1_179' title='bbox 460 2565 655 2644; x_wconf 74' lang='grc' dir='ltr'><strong>Ἀριστοτέλους</strong></span> <span class='ocrx_word' id='word_1_180' title='bbox 671 2566 810 2642; x_wconf 77' lang='grc' dir='ltr'><strong><em>ἇκουστὴς.</em></strong></span> <span class='ocrx_word' id='word_1_181' title='bbox 835 2570 933 2626; x_wconf 76' lang='lat' dir='ltr'><strong>Athen.</strong></span> <span class='ocrx_word' id='word_1_182' title='bbox 951 2571 1004 2636; x_wconf 81' lang='lat' dir='ltr'><strong>xl,</strong></span> <span class='ocrx_word' id='word_1_183' title='bbox 1023 2587 1047 2628; x_wconf 82' lang='lat' dir='ltr'><strong>c.</strong></span> <span class='ocrx_word' id='word_1_184' title='bbox 1059 2538 1114 2630; x_wconf 61' lang='lat' dir='ltr'><strong>hcl</strong></span> <span class='ocrx_word' id='word_1_185' title='bbox 1126 2573 1185 2640; x_wconf 79' lang='lat' dir='ltr'><strong>XV,</strong></span> <span class='ocrx_word' id='word_1_186' title='bbox 1200 2592 1222 2630; x_wconf 82' lang='lat' dir='ltr'><strong>c.</strong></span> <span class='ocrx_word' id='word_1_187' title='bbox 1233 2585 1261 2636; x_wconf 86' lang='lat'><strong>2.</strong></span> 
     </span>
     <span class='ocr_line' id='line_1_24' title="bbox 164 2659 887 2742; baseline 0.001 -19"><span class='ocrx_word' id='word_1_188' title='bbox 164 2667 321 2742; x_wconf 69' lang='grc' dir='ltr'><strong><em>’Δικαίαρχος</em></strong></span> <span class='ocrx_word' id='word_1_189' title='bbox 337 2659 353 2721; x_wconf 80' lang='grc' dir='ltr'><strong>ὅ</strong></span> <span class='ocrx_word' id='word_1_190' title='bbox 370 2659 532 2732; x_wconf 72' lang='grc' dir='ltr'><strong><em>Μεσσήνιος,</em></strong></span> <span class='ocrx_word' id='word_1_191' title='bbox 545 2659 738 2738; x_wconf 74' lang='grc' dir='ltr'><strong>Ἀριστστέλους</strong></span> <span class='ocrx_word' id='word_1_192' title='bbox 754 2661 887 2738; x_wconf 63' lang='lat' dir='ltr'><strong>potins-ic.</strong></span> 
     </span>
    </p>
   </div>
   <div class='ocr_carea' id='block_1_8' title="bbox 163 2776 1336 3170">
    <p class='ocr_par' dir='ltr' id='par_1_9' title="bbox 163 2776 1336 3048">
     <span class='ocr_line' id='line_1_25' title="bbox 235 2776 1336 2862; baseline 0.012 -28"><span class='ocrx_word' id='word_1_193' title='bbox 235 2787 264 2854; x_wconf 84' lang='lat'><strong>7)</strong></span> <span class='ocrx_word' id='word_1_194' title='bbox 284 2779 357 2838; x_wconf 82' lang='lat' dir='ltr'><strong>said.</strong></span> <span class='ocrx_word' id='word_1_195' title='bbox 376 2797 436 2835; x_wconf 82' lang='lat' dir='ltr'><strong>voe.</strong></span> <span class='ocrx_word' id='word_1_196' title='bbox 457 2777 630 2856; x_wconf 68' lang='grc' dir='ltr'><strong><em>Ἀριστόξενος</em></strong></span> <span class='ocrx_word' id='word_1_197' title='bbox 648 2813 680 2823; x_wconf 95' lang='grc'>-</span> <span class='ocrx_word' id='word_1_198' title='bbox 697 2788 787 2855; x_wconf 71' lang='lat' dir='ltr'><strong>ydrosa</strong></span> <span class='ocrx_word' id='word_1_199' title='bbox 804 2789 832 2841; x_wconf 77' lang='grc' dir='ltr'><strong>δὲ</strong></span> <span class='ocrx_word' id='word_1_200' title='bbox 849 2776 1262 2862; x_wconf 63' lang='grc' dir='ltr'><strong>ἐπὶτόνἈ1εεάνδρου’κα1τῶν</strong></span> <span class='ocrx_word' id='word_1_201' title='bbox 1331 2800 1336 2814; x_wconf 88' lang='grc'><em>’</em></span> 
     </span>
     <span class='ocr_line' id='line_1_26' title="bbox 165 2869 1261 2958; baseline -0.001 -19"><span class='ocrx_word' id='word_1_202' title='bbox 165 2886 302 2955; x_wconf 70' lang='grc' dir='ltr'><strong><em>μετέπειτα</em></strong></span> <span class='ocrx_word' id='word_1_203' title='bbox 316 2882 418 2954; x_wconf 74' lang='grc' dir='ltr'><em>χρόνων</em></span> <span class='ocrx_word' id='word_1_204' title='bbox 436 2871 478 2941; x_wconf 77' lang='lat' dir='ltr'><strong>’sic</strong></span> <span class='ocrx_word' id='word_1_205' title='bbox 495 2879 559 2932; x_wconf 73' lang='lat' dir='ltr'><strong>alsus</strong></span> <span class='ocrx_word' id='word_1_206' title='bbox 575 2869 628 2933; x_wconf 77' lang='lat' dir='ltr'><strong>ainsi</strong></span> <span class='ocrx_word' id='word_1_207' title='bbox 641 2876 689 2948; x_wconf 73' lang='grc' dir='ltr'><strong>τῆς</strong></span> <span class='ocrx_word' id='word_1_208' title='bbox 702 2876 744 2954; x_wconf 79' lang='lat' dir='ltr'><strong>psci</strong></span> <span class='ocrx_word' id='word_1_209' title='bbox 758 2875 945 2951; x_wconf 77' lang='grc' dir='ltr'><strong>Ὀλυμπιάδος,</strong></span> <span class='ocrx_word' id='word_1_210' title='bbox 962 2881 1261 2958; x_wconf 75' lang='grc' dir='ltr'><strong><em>σύγχρονοςΔικαιάρχῳ</em></strong></span> 
     </span>
     <span class='ocr_line' id='line_1_27' title="bbox 163 2976 367 3048; baseline -0.025 -16"><span class='ocrx_word' id='word_1_211' title='bbox 163 2976 200 3048; x_wconf 60' lang='grc' dir='ltr'><strong>τᾷ</strong></span> <span class='ocrx_word' id='word_1_212' title='bbox 216 2978 367 3044; x_wconf 62' lang='grc' dir='ltr'><strong>Μεσσηνίᾳ).</strong></span> 
     </span>
    </p>

    <p class='ocr_par' dir='ltr' id='par_1_10' title="bbox 234 3089 1262 3170">
     <span class='ocr_line' id='line_1_28' title="bbox 234 3089 1262 3170; baseline 0.002 -23"><span class='ocrx_word' id='word_1_213' title='bbox 234 3095 265 3162; x_wconf 81' lang='grc'><strong>8)</strong></span> <span class='ocrx_word' id='word_1_214' title='bbox 282 3093 419 3165; x_wconf 83' lang='lat' dir='ltr'><strong>suspicari</strong></span> <span class='ocrx_word' id='word_1_215' title='bbox 437 3091 504 3146; x_wconf 89' lang='lat' dir='ltr'><strong>adeo</strong></span> <span class='ocrx_word' id='word_1_216' title='bbox 522 3106 680 3163; x_wconf 85' lang='lat' dir='ltr'><strong>possemus,</strong></span> <span class='ocrx_word' id='word_1_217' title='bbox 705 3089 788 3147; x_wconf 84' lang='lat' dir='ltr'><strong>verba</strong></span> <span class='ocrx_word' id='word_1_218' title='bbox 813 3089 928 3162; x_wconf 87' lang='lat' dir='ltr'><strong>prosaici</strong></span> <span class='ocrx_word' id='word_1_219' title='bbox 953 3089 1095 3158; x_wconf 76' lang='lat' dir='ltr'><strong>fragmenti</strong></span> <span class='ocrx_word' id='word_1_220' title='bbox 1112 3093 1198 3165; x_wconf 70' lang='grc' dir='ltr'><em>λήθην</em></span> <span class='ocrx_word' id='word_1_221' title='bbox 1213 3095 1262 3170; x_wconf 70' lang='grc' dir='ltr'><strong>τῆς</strong></span> 
     </span>
    </p>
   </div>
   <div class='ocr_carea' id='block_1_9' title="bbox 164 3185 1261 3357">
    <p class='ocr_par' dir='ltr' id='par_1_11' title="bbox 164 3185 1261 3357">
     <span class='ocr_line' id='line_1_29' title="bbox 164 3185 1260 3268; baseline -0.001 -23"><span class='ocrx_word' id='word_1_222' title='bbox 164 3193 279 3254; x_wconf 73' lang='lat' dir='ltr'><strong>dovialac</strong></span> <span class='ocrx_word' id='word_1_223' title='bbox 303 3187 436 3262; x_wconf 69' lang='grc' dir='ltr'><strong><em>ἐργάζεται</em></strong></span> <span class='ocrx_word' id='word_1_224' title='bbox 460 3193 487 3240; x_wconf 90' lang='lat' dir='ltr'><strong>et</strong></span> <span class='ocrx_word' id='word_1_225' title='bbox 511 3203 581 3258; x_wconf 87' lang='lat' dir='ltr'><strong>quae</strong></span> <span class='ocrx_word' id='word_1_226' title='bbox 603 3185 726 3257; x_wconf 84' lang='lat' dir='ltr'><strong>proxima</strong></span> <span class='ocrx_word' id='word_1_227' title='bbox 753 3193 815 3240; x_wconf 88' lang='lat' dir='ltr'><strong>sunt</strong></span> <span class='ocrx_word' id='word_1_228' title='bbox 840 3185 1030 3268; x_wconf 82' lang='lat' dir='ltr'><strong>respicientes,</strong></span> <span class='ocrx_word' id='word_1_229' title='bbox 1062 3185 1260 3244; x_wconf 85' lang='lat' dir='ltr'><strong>Dicaearchum</strong></span> 
     </span>
     <span class='ocr_line' id='line_1_30' title="bbox 165 3279 1261 3357; baseline 0.004 -21"><span class='ocrx_word' id='word_1_230' title='bbox 165 3282 278 3336; x_wconf 77' lang='lat' dir='ltr'><strong>Athenis</strong></span> <span class='ocrx_word' id='word_1_231' title='bbox 295 3281 458 3353; x_wconf 89' lang='lat' dir='ltr'><strong>inquilinum</strong></span> <span class='ocrx_word' id='word_1_232' title='bbox 476 3280 629 3334; x_wconf 87' lang='lat' dir='ltr'><strong>consedisse</strong></span> <span class='ocrx_word' id='word_1_233' title='bbox 647 3279 777 3352; x_wconf 82' lang='lat' dir='ltr'><strong>hujusque</strong></span> <span class='ocrx_word' id='word_1_234' title='bbox 796 3281 960 3335; x_wconf 83' lang='lat' dir='ltr'><strong>conditionis</strong></span> <span class='ocrx_word' id='word_1_235' title='bbox 971 3282 1142 3338; x_wconf 83' lang='lat' dir='ltr'><strong>incommoda</strong></span> <span class='ocrx_word' id='word_1_236' title='bbox 1152 3303 1261 3357; x_wconf 87' lang='lat' dir='ltr'><strong>passum</strong></span> 
     </span>
    </p>
   </div>
   <div class='ocr_carea' id='block_1_10' title="bbox 72 3363 987 3448">
    <p class='ocr_par' dir='ltr' id='par_1_12' title="bbox 72 3363 987 3448">
     <span class='ocr_line' id='line_1_31' title="bbox 72 3363 987 3448; baseline -0.001 -17"><span class='ocrx_word' id='word_1_237' title='bbox 72 3433 78 3442; x_wconf 36' lang='lat' dir='ltr'><strong><em>s</em></strong></span> <span class='ocrx_word' id='word_1_238' title='bbox 138 3363 140 3371; x_wconf 38' lang='lat'><em>&#39;</em></span> <span class='ocrx_word' id='word_1_239' title='bbox 165 3393 221 3431; x_wconf 85' lang='lat' dir='ltr'><strong>non</strong></span> <span class='ocrx_word' id='word_1_240' title='bbox 240 3375 342 3448; x_wconf 89' lang='lat' dir='ltr'><strong>optimo</strong></span> <span class='ocrx_word' id='word_1_241' title='bbox 361 3391 423 3442; x_wconf 74' lang='lat' dir='ltr'><strong>erga</strong></span> <span class='ocrx_word' id='word_1_242' title='bbox 441 3375 513 3431; x_wconf 82' lang='lat' dir='ltr'><strong>hane</strong></span> <span class='ocrx_word' id='word_1_243' title='bbox 533 3373 626 3428; x_wconf 88' lang='lat' dir='ltr'><strong>urbem</strong></span> <span class='ocrx_word' id='word_1_244' title='bbox 644 3375 734 3428; x_wconf 84' lang='lat' dir='ltr'><strong>animo</strong></span> <span class='ocrx_word' id='word_1_245' title='bbox 753 3378 877 3430; x_wconf 85' lang='lat' dir='ltr'><strong>affectum</strong></span> <span class='ocrx_word' id='word_1_246' title='bbox 897 3376 987 3432; x_wconf 79' lang='lat' dir='ltr'><strong>fuisse.</strong></span> 
     </span>
    </p>
   </div>
   <div class='ocr_carea' id='block_1_11' title="bbox 164 3496 1263 3670">
    <p class='ocr_par' dir='ltr' id='par_1_13' title="bbox 164 3496 1263 3670">
     <span class='ocr_line' id='line_1_32' title="bbox 235 3496 1263 3578; baseline 0.009 -25"><span class='ocrx_word' id='word_1_247' title='bbox 235 3503 265 3572; x_wconf 88' lang='grc'><strong>9)</strong></span> <span class='ocrx_word' id='word_1_248' title='bbox 289 3502 351 3578; x_wconf 87' lang='lat' dir='ltr'><strong>Qua</strong></span> <span class='ocrx_word' id='word_1_249' title='bbox 378 3517 412 3554; x_wconf 84' lang='lat' dir='ltr'><strong>ex</strong></span> <span class='ocrx_word' id='word_1_250' title='bbox 436 3517 465 3554; x_wconf 90' lang='lat' dir='ltr'><strong>re</strong></span> <span class='ocrx_word' id='word_1_251' title='bbox 482 3503 658 3555; x_wconf 87' lang='lat' dir='ltr'><strong>Buttmannus</strong></span> <span class='ocrx_word' id='word_1_252' title='bbox 681 3502 820 3571; x_wconf 80' lang='lat' dir='ltr'><strong>collegerit</strong></span> <span class='ocrx_word' id='word_1_253' title='bbox 837 3503 1033 3558; x_wconf 83' lang='lat' dir='ltr'><strong>Dicaearchum</strong></span> <span class='ocrx_word' id='word_1_254' title='bbox 1057 3496 1214 3576; x_wconf 81' lang='lat' dir='ltr'><strong>praesertim</strong></span> <span class='ocrx_word' id='word_1_255' title='bbox 1232 3507 1263 3562; x_wconf 92' lang='lat' dir='ltr'><strong>in</strong></span> 
     </span>
     <span class='ocr_line' id='line_1_33' title="bbox 164 3591 1261 3670; baseline 0.002 -20"><span class='ocrx_word' id='word_1_256' title='bbox 164 3597 352 3668; x_wconf 83' lang='lat' dir='ltr'><strong>Peloponneso</strong></span> <span class='ocrx_word' id='word_1_257' title='bbox 368 3594 483 3659; x_wconf 79' lang='lat' dir='ltr'><strong>vixisse,</strong></span> <span class='ocrx_word' id='word_1_258' title='bbox 503 3605 592 3650; x_wconf 87' lang='lat' dir='ltr'><strong>mente</strong></span> <span class='ocrx_word' id='word_1_259' title='bbox 610 3595 734 3668; x_wconf 82' lang='lat' dir='ltr'><strong>equidem</strong></span> <span class='ocrx_word' id='word_1_260' title='bbox 753 3597 825 3650; x_wconf 93' lang='lat' dir='ltr'><strong>haud</strong></span> <span class='ocrx_word' id='word_1_261' title='bbox 840 3614 982 3670; x_wconf 70' lang='lat' dir='ltr'><strong>assequere</strong></span> <span class='ocrx_word' id='word_1_262' title='bbox 1001 3591 1103 3654; x_wconf 39' lang='lat' dir='ltr'><strong>Cicero*</strong></span> <span class='ocrx_word' id='word_1_263' title='bbox 1115 3600 1187 3655; x_wconf 90' lang='lat' dir='ltr'><strong>enim</strong></span> <span class='ocrx_word' id='word_1_264' title='bbox 1203 3601 1223 3654; x_wconf 89' lang='lat' dir='ltr'><strong>l.</strong></span> <span class='ocrx_word' id='word_1_265' title='bbox 1241 3601 1261 3653; x_wconf 90' lang='lat' dir='ltr'><strong>l.</strong></span> 
     </span>
    </p>
   </div>
   <div class='ocr_carea' id='block_1_12' title="bbox 11 3689 1264 3776">
    <p class='ocr_par' dir='ltr' id='par_1_14' title="bbox 11 3689 1264 3776">
     <span class='ocr_line' id='line_1_34' title="bbox 11 3689 1264 3776; baseline 0.002 -31"><span class='ocrx_word' id='word_1_266' title='bbox 11 3761 15 3769; x_wconf 29' lang='grc'>1</span> <span class='ocrx_word' id='word_1_267' title='bbox 116 3755 125 3776; x_wconf 25' lang='lat' dir='ltr'><strong>,x</strong></span> <span class='ocrx_word' id='word_1_268' title='bbox 166 3690 235 3745; x_wconf 92' lang='lat' dir='ltr'><strong>nihil</strong></span> <span class='ocrx_word' id='word_1_269' title='bbox 253 3689 327 3744; x_wconf 91' lang='lat' dir='ltr'><strong>aliud</strong></span> <span class='ocrx_word' id='word_1_270' title='bbox 345 3707 427 3763; x_wconf 87' lang='lat' dir='ltr'><strong>quam</strong></span> <span class='ocrx_word' id='word_1_271' title='bbox 446 3689 568 3754; x_wconf 87' lang='lat' dir='ltr'><strong>„etenim</strong></span> <span class='ocrx_word' id='word_1_272' title='bbox 585 3698 644 3746; x_wconf 84' lang='lat' dir='ltr'><strong>erat</strong></span> <span class='ocrx_word' id='word_1_273' title='bbox 662 3691 874 3768; x_wconf 56' lang='lat' dir='ltr'><strong>intepueram,</strong></span> <span class='ocrx_word' id='word_1_274' title='bbox 890 3692 987 3764; x_wconf 87' lang='lat' dir='ltr'><strong>inquit,</strong></span> <span class='ocrx_word' id='word_1_275' title='bbox 1007 3703 1034 3748; x_wconf 89' lang='lat' dir='ltr'><strong>ct</strong></span> <span class='ocrx_word' id='word_1_276' title='bbox 1052 3695 1154 3747; x_wconf 77' lang='lat' dir='ltr'><strong>riserat</strong></span> <span class='ocrx_word' id='word_1_277' title='bbox 1171 3695 1201 3748; x_wconf 88' lang='lat' dir='ltr'><strong>in</strong></span> <span class='ocrx_word' id='word_1_278' title='bbox 1212 3695 1264 3748; x_wconf 85' lang='lat' dir='ltr'><strong>Pe·</strong></span> 
     </span>
    </p>
   </div>
   <div class='ocr_carea' id='block_1_13' title="bbox 154 3775 1265 4329">
    <p class='ocr_par' dir='ltr' id='par_1_15' title="bbox 154 3775 1265 4329">
     <span class='ocr_line' id='line_1_35' title="bbox 164 3775 1264 3858; baseline 0.004 -19"><span class='ocrx_word' id='word_1_279' title='bbox 164 3787 355 3858; x_wconf 89' lang='lat' dir='ltr'><strong>loponneso,“</strong></span> <span class='ocrx_word' id='word_1_280' title='bbox 380 3775 462 3856; x_wconf 84' lang='lat' dir='ltr'><strong>idqha</strong></span> <span class='ocrx_word' id='word_1_281' title='bbox 480 3784 612 3856; x_wconf 88' lang='lat' dir='ltr'><strong>posterius</strong></span> <span class='ocrx_word' id='word_1_282' title='bbox 629 3785 732 3857; x_wconf 84' lang='lat' dir='ltr'><strong>profert</strong></span> <span class='ocrx_word' id='word_1_283' title='bbox 750 3785 854 3838; x_wconf 87' lang='lat' dir='ltr'><strong>ratione</strong></span> <span class='ocrx_word' id='word_1_284' title='bbox 872 3781 1101 3839; x_wconf 73' lang='lat' dir='ltr'><strong>Dicaearchianae</strong></span> <span class='ocrx_word' id='word_1_285' title='bbox 1124 3786 1264 3844; x_wconf 81' lang='lat' dir='ltr'><strong>relationis</strong></span> 
     </span>
     <span class='ocr_line' id='line_1_36' title="bbox 166 3875 1264 3952; baseline 0 -18"><span class='ocrx_word' id='word_1_286' title='bbox 166 3881 200 3934; x_wconf 89' lang='lat' dir='ltr'><strong>de</strong></span> <span class='ocrx_word' id='word_1_287' title='bbox 218 3881 403 3952; x_wconf 86' lang='lat' dir='ltr'><strong>Peloponneso</strong></span> <span class='ocrx_word' id='word_1_288' title='bbox 422 3875 616 3950; x_wconf 75' lang='lat' dir='ltr'><strong>geographicae</strong></span> <span class='ocrx_word' id='word_1_289' title='bbox 634 3878 737 3936; x_wconf 88' lang='lat' dir='ltr'><strong>habita.</strong></span> <span class='ocrx_word' id='word_1_290' title='bbox 772 3879 839 3932; x_wconf 86' lang='lat' dir='ltr'><strong>inde</strong></span> <span class='ocrx_word' id='word_1_291' title='bbox 858 3886 964 3944; x_wconf 84' lang='lat' dir='ltr'><strong>autem,</strong></span> <span class='ocrx_word' id='word_1_292' title='bbox 990 3879 1062 3952; x_wconf 88' lang='lat' dir='ltr'><strong>quod</strong></span> <span class='ocrx_word' id='word_1_293' title='bbox 1080 3880 1264 3938; x_wconf 84' lang='lat' dir='ltr'><strong>Dicaearchus</strong></span> 
     </span>
     <span class='ocr_line' id='line_1_37' title="bbox 166 3969 1264 4043; baseline 0.002 -13"><span class='ocrx_word' id='word_1_294' title='bbox 166 3991 316 4030; x_wconf 87' lang='lat' dir='ltr'><strong>sermonem</strong></span> <span class='ocrx_word' id='word_1_295' title='bbox 341 3969 466 4028; x_wconf 86' lang='lat' dir='ltr'><strong>Corinthi</strong></span> <span class='ocrx_word' id='word_1_296' title='bbox 498 3979 526 4026; x_wconf 89' lang='lat' dir='ltr'><strong>et</strong></span> <span class='ocrx_word' id='word_1_297' title='bbox 552 3975 665 4028; x_wconf 86' lang='lat' dir='ltr'><strong>alterum</strong></span> <span class='ocrx_word' id='word_1_298' title='bbox 689 3974 838 4043; x_wconf 72' lang='lat' dir='ltr'><strong>Mitylenae</strong></span> <span class='ocrx_word' id='word_1_299' title='bbox 869 3971 991 4026; x_wconf 84' lang='lat' dir='ltr'><strong>habitum</strong></span> <span class='ocrx_word' id='word_1_300' title='bbox 1017 3973 1119 4041; x_wconf 89' lang='lat' dir='ltr'><strong>edidit,</strong></span> <span class='ocrx_word' id='word_1_301' title='bbox 1151 3976 1264 4033; x_wconf 85' lang='lat' dir='ltr'><strong>minime</strong></span> 
     </span>
     <span class='ocr_line' id='line_1_38' title="bbox 168 4065 1265 4139; baseline 0.002 -15"><span class='ocrx_word' id='word_1_302' title='bbox 168 4070 287 4124; x_wconf 79' lang='lat' dir='ltr'><strong>omnium</strong></span> <span class='ocrx_word' id='word_1_303' title='bbox 304 4065 375 4120; x_wconf 86' lang='lat' dir='ltr'><strong>effici</strong></span> <span class='ocrx_word' id='word_1_304' title='bbox 393 4072 482 4137; x_wconf 88' lang='lat' dir='ltr'><strong>potest</strong></span> <span class='ocrx_word' id='word_1_305' title='bbox 500 4065 543 4122; x_wconf 91' lang='lat' dir='ltr'><strong>his</strong></span> <span class='ocrx_word' id='word_1_306' title='bbox 560 4068 590 4122; x_wconf 93' lang='lat' dir='ltr'><strong>in</strong></span> <span class='ocrx_word' id='word_1_307' title='bbox 607 4067 675 4122; x_wconf 89' lang='lat' dir='ltr'><strong>locis</strong></span> <span class='ocrx_word' id='word_1_308' title='bbox 692 4067 749 4139; x_wconf 88' lang='lat' dir='ltr'><strong>ipse</strong></span> <span class='ocrx_word' id='word_1_309' title='bbox 767 4075 886 4122; x_wconf 80' lang='lat' dir='ltr'><strong>versatus</strong></span> <span class='ocrx_word' id='word_1_310' title='bbox 904 4067 994 4122; x_wconf 81' lang='lat' dir='ltr'><strong>luisse.</strong></span> <span class='ocrx_word' id='word_1_311' title='bbox 1029 4066 1086 4122; x_wconf 87' lang='lat' dir='ltr'><strong>Nisi</strong></span> <span class='ocrx_word' id='word_1_312' title='bbox 1104 4067 1172 4126; x_wconf 83' lang='lat' dir='ltr'><strong>forte</strong></span> <span class='ocrx_word' id='word_1_313' title='bbox 1189 4074 1265 4126; x_wconf 80' lang='lat' dir='ltr'><strong>Batt-</strong></span> 
     </span>
     <span class='ocr_line' id='line_1_39' title="bbox 154 4159 1263 4238; baseline 0.002 -21"><span class='ocrx_word' id='word_1_314' title='bbox 154 4169 283 4216; x_wconf 71' lang='lat' dir='ltr'><strong>‘mannus</strong></span> <span class='ocrx_word' id='word_1_315' title='bbox 310 4159 401 4214; x_wconf 80' lang='lat' dir='ltr'><strong>verhar</strong></span> <span class='ocrx_word' id='word_1_316' title='bbox 420 4159 600 4216; x_wconf 85' lang='lat' dir='ltr'><strong>Ciceroniana</strong></span> <span class='ocrx_word' id='word_1_317' title='bbox 629 4160 776 4226; x_wconf 87' lang='lat' dir='ltr'><strong>„Corinthi</strong></span> <span class='ocrx_word' id='word_1_318' title='bbox 799 4160 945 4216; x_wconf 84' lang='lat' dir='ltr'><strong>hahitum“</strong></span> <span class='ocrx_word' id='word_1_319' title='bbox 965 4160 1154 4229; x_wconf 52' lang='lat' dir='ltr'><strong>de‘sermons,</strong></span> <span class='ocrx_word' id='word_1_320' title='bbox 1182 4182 1263 4238; x_wconf 88' lang='lat' dir='ltr'><strong>quem</strong></span> 
     </span>
     <span class='ocr_line' id='line_1_40' title="bbox 167 4241 1263 4329; baseline 0.005 -19"><span class='ocrx_word' id='word_1_321' title='bbox 167 4241 567 4329; x_wconf 68' lang='lat' dir='ltr'><strong>niossrchus&#39;cnitshioipse</strong></span> <span class='ocrx_word' id='word_1_322' title='bbox 591 4255 718 4313; x_wconf 83' lang='lat' dir='ltr'><strong>habuerit</strong></span> <span class='ocrx_word' id='word_1_323' title='bbox 740 4257 827 4326; x_wconf 89' lang='lat' dir='ltr'><strong>(non,</strong></span> <span class='ocrx_word' id='word_1_324' title='bbox 854 4263 885 4310; x_wconf 89' lang='lat' dir='ltr'><strong>ot</strong></span> <span class='ocrx_word' id='word_1_325' title='bbox 903 4271 995 4326; x_wconf 72' lang='lat' dir='ltr'><strong>resera</strong></span> <span class='ocrx_word' id='word_1_326' title='bbox 1016 4257 1187 4314; x_wconf 80' lang='lat' dir='ltr'><strong>statuendum</strong></span> <span class='ocrx_word' id='word_1_327' title='bbox 1205 4267 1263 4326; x_wconf 86' lang='lat' dir='ltr'><strong>cst,</strong></span> 
     </span>
    </p>
   </div>
   <div class='ocr_carea' id='block_1_14' title="bbox 0 0 1368 4726">
    <p class='ocr_par' dir='ltr' id='par_1_16' title="bbox 0 0 1368 4726">
     <span class='ocr_line' id='line_1_41' title="bbox 0 0 1368 4726; baseline 0 0"><span class='ocrx_word' id='word_1_328' title='bbox 0 0 1368 4726; x_wconf 95' lang='lat' dir='ltr'><strong> </strong></span> 
     </span>
    </p>
   </div>
  </div>
 </body>
</html>
