2728 4720
385 295 840 418 ,ιω-ιιι*-

105 493 284 583 ΙΒιιιιιιιιι-ιιι
304 493 383 558 nihil
403 493 496 577 plane
517 493 647 558 monuit.
689 495 855 560 celidonis
878 485 1030 576 limante,
1057 497 1139 560 sicut
1160 516 1199 560 ex

108 604 206 667 Gailii
226 603 419 686 editionep.
440 603 484 666 37
503 623 573 684 sqq.
594 605 775 686 perspicio,
806 605 1007 696 anagraphen
1034 607 1114 670 dixit
1134 625 1199 668 me-

105 713 220 774 trica'm
247 714 408 794 epitomen
438 732 508 775 esse
535 715 707 775 memoriae
738 713 932 798 adjuvandae
953 735 1045 777 causa
1067 715 1137 776 ab
1127 733 1199 796 rpso

107 821 301 882 Dicaearcho
323 819 439 884 iactam
459 839 497 882 ex
511 821 561 897 lis,
583 815 663 900 quae
683 822 716 883 in
737 823 801 883 vita
816 821 970 883 Graeciae
992 829 1024 883 et
1042 825 1076 884 in
1091 822 1202 884 καταί

105 927 286 1013 perpp'oecg
312 931 384 991 τῶν
412 923 448 990 ὲν
452 921 790 1010 Πιλοποννήσῳ’
769 927 865 1011 opcio
896 919 1072 990 accuratius
1102 947 1199 1010 expo·

106 1034 223 1095 suisset
243 1029 330 1124 (quo
352 1011 447 1096 etiam
467 1053 512 1097 vs.
533 1033 575 1095 12
594 1054 664 1115 sqq.
685 1028 920 1122 respicerent),
942 1052 1074 1116 eamque
1093 1037 1198 1098 Theo·

34 1123 38 1136 ⁵
107 1141 238 1220 phrasto
261 1141 436 1204 dedicatam
458 1142 566 1204 fuisse.
615 1143 764 1205 Ceterum
785 1143 950 1205 Celidonio
972 1145 1099 1205 tertium
1122 1165 1198 1223 quo·

108 1267 172 1328 que
199 1269 298 1330 opus,
326 1251 426 1331 ipsius
457 1252 603 1312 nimirum
634 1249 844 1330 Peloponnesi
873 1253 1155 1332 chorographiam,
1182 1273 1200 1314 a

106 1359 340 1421 Dicaearcho·
328 1377 362 1420 ιι
384 1358 622 1441 excerpendo'
612 1379 644 1449 ιιι
665 1379 753 1421 usum
776 1359 958 1422 advocatum
979 1349 1077 1422 fuisse
1098 1363 1199 1441 suspi·
1279 1384 1288 1394 ³

106 1472 194 1526 catus
216 1473 273 1528 est.
315 1467 407 1546 Quod
421 1475 525 1530 autem
545 1470 607 1530 hoc
621 1471 786 1530 metricum
802 1469 989 1530 Dicaearchi
1011 1487 1090 1548 opus
1112 1469 1199 1530 nullo
1320 1515 1324 1520 ,

61 1557 66 1568 ’
105 1581 249 1658 veterum
269 1574 756 1667 loconisiapudHicronymum
771 1571 1010 1652 memoraretur,
1033 1577 1212 1640 Gelidonio‘

105 1680 180 1741 inde
201 1683 333 1762 repetiit
356 1683 441 1762 quod
463 1683 542 1745 nibil
563 1685 624 1746 nisi
646 1685 867 1794 compendium
887 1685 1000 1746 luisset
1022 1692 1055 1746 et
1075 1692 1200 1746 veteres

105 1807 175 1850 eam
197 1787 351 1850 Graeciae
372 1789 619 1870 descriptionem
641 1809 701 1870 pro
729 1798 820 1872 porte
842 1797 961 1853 tantum
982 1791 1076 1855 Vitae
1099 1793 1199 1852 Grae-

106 1895 176 1956 ciac
205 1897 497 1960 consideravissent.
548 1897 690 1960 Marxius
718 1907 754 1960 ut
776 1901 843 1982 jam
874 1906 945 1961 ante
973 1899 1108 1960 indicavi
1127 1899 1200 1966 lere

105 2023 229 2065 omnem
251 2005 452 2088 anagraphen
475 2025 513 2067 ex
534 2005 674 2087 Scylacis
696 1998 825 2088 periplo
848 1989 1092 2069 consarcinatam
1116 1994 1199 2069 eam·

106 2131 184 2190 que
196 2111 312 2175 deinde
342 2098 412 2175 cur'n
443 2116 562 2176 ceteris
589 2113 775 2195 fragmentis
804 2117 842 2178 ab
872 2099 976 2195 aliquo
997 2116 1128 2177 librario
1149 2117 1201 2177 vel

103 2217 278 2299 bibliopola
299 2239 359 2300 pro
382 2239 481 2302 opere
496 2217 712 2283 Dicaearcheo'
732 2223 782 2283 vel
804 2225 898 2284 etiam
920 2223 1147 2320 omninoxjusta
1168 2229 1201 2284 et
1281 2272 1288 2284 ι

105 2333 251 2387 accurata
289 2326 443 2388 Graeciae
479 2329 676 2409 geographia
712 2327 870 2390 venditam
906 2329 1004 2390 fuisse
1025 2329 1199 2410 judicavit.
1295 2354 1297 2359 ·

103 2431 253 2494 Nostrum
289 2419 499 2537 fragmentum
529 2436 566 2497 ab
602 2433 673 2516 ipso
702 2433 897 2500 Dicaearcho
927 2435 1107 2516 profectum
1137 2453 1200 2498 non

103 2539 203 2602 fuisse
231 2543 440 2604 certissimum
468 2543 595 2618 habuit,
625 2543 709 2622 quod
737 2563 799 2604 non
829 2545 929 2604 solum
958 2545 1109 2604 metricus
1131 2545 1199 2625 eJos

102 2635 229 2710 habitus
250 2651 458 2729 nequissimus
479 2656 572 2726 essct,
594 2649 651 2711 sed
673 2651 767 2712 etiam
791 2650 943 2728 quaedam
965 2653 996 2714 in
1019 2669 1058 2712 eo
1080 2651 1199 2712 inveni·
1229 2705 1231 2707 ,
1311 2679 1313 2684 ⁴

103 2763 232 2830 rentur,
262 2775 342 2836 quae
363 2764 417 2819 aut
436 2757 514 2820 falsa
535 2758 691 2820 censenda
712 2763 823 2818 essent·
838 2764 890 2818 aut
912 2759 972 2818 sibi
994 2759 1127 2818 inuicem
1148 2779 1199 2820 re·
1247 2774 1251 2781 ²

103 2869 292 2945 pugnarent.
333 2863 383 2927 Ad
399 2860 631 2929 Hemsterhusii
653 2881 779 2946 quoque
801 2867 999 2931 sententiam
1007 2869 1202 2949 provocavit,
1334 2863 1337 2872 ¹

106 2975 161 3052 qni
190 2992 230 3034 ex
256 2976 437 3036 curatione
466 2993 527 3054 qua
556 2976 724 3037 innostro
752 2973 929 3054 fragmento
961 2975 1000 3035 de
1022 2974 1199 3054 Trophonii
1286 2967 1313 3074 χ’

105 3077 235 3141 oraculo
263 3079 431 3142 disseritur
459 3082 574 3142 merito
603 3082 733 3162 collegit
753 3081 980 3170 Dicaearchum
1007 3081 1199 3144 Messenium

103 3195 234 3250 nostrae
261 3172 456 3269 anagraphes
478 3197 639 3250 auctorem
659 3209 720 3250 non
747 3187 856 3250 fuisse.
898 3187 1088 3250 Rectissime
1110 3187 1198 3275 deni7
1234 3261 1236 3265 ι

105 3313 168 3374 que
194 3293 275 3356 fecit
303 3295 388 3374 qnod
416 3293 616 3375 anagraphen
639 3293 863 3376 airagmentis
891 3295 1035 3376 pedestri
1056 3297 1198 3358 oratione
1276 3367 1278 3370 ¹

103 3401 328 3500 superstitibus
355 3402 448 3480 plane
479 3404 651 3483 separavit
666 3408 699 3463 et
728 3402 767 3464 ιιιι
788 3402 1032 3483 discrepantiam
1055 3405 1198 3482 quaeda
1219 3422 1223 3480 j

103 3508 287 3572 Thebarum
317 3503 434 3571 ambitu
462 3509 546 3571 inter
567 3511 766 3590 anagraphen
791 3516 824 3570 et
844 3511 1053 3608 fragmentum
1075 3513 1198 3592 prosai-

106 3633 179 3676 cum
209 3616 331 3678 obtinet
358 3617 492 3678 animum
520 3615 667 3679 advertit.
715 3617 809 3696 Quod
836 3625 973 3679 nostram
996 3618 1225 3720 anagraphen

104 3721 292 3784 Dicaearchi
320 3741 382 3784 non
412 3743 481 3786 esse
508 3743 611 3803 neque
637 3737 710 3784 'esse
740 3743 834 3804 posse
862 3724 1044 3798 contendit,
1072 3711 1196 3814 Marcio
1219 3749 1222 3754 ‘¹
1263 3729 1266 3738 '

106 3823 339 3892 assentiendum
368 3829 636 3893 viri'doctissinri
657 3837 746 3893 recte
769 3821 975 3910 censuerunt3
1011 3827 1094 3911 quod
1121 3827 1197 3892 vero
1245 3841 1248 3849 '
1297 3907 1301 3911 .

104 3937 177 3999 fere
198 3943 295 3999 totam
317 3957 356 4000 ex
370 3939 512 4019 Scylacis
525 3939 651 4022 periplo
667 3939 908 4020 conglutinatam
930 3955 999 4000 esse
1021 3927 1209 4018 suspicatus,

106 4051 169 4121 est,
198 4045 237 4105 id.
260 4046 373 4108 linibus
391 4031 561 4125 aliquanto
583 4047 770 4110 arctioribus
799 4044 1022 4109 includendam
1045 4067 1114 4107 esse
1135 4047 1197 4127 jam
1270 4101 1271 4104 ,
1351 4071 1353 4076 ’

103 4171 202 4232 supra
233 4155 416 4216 monuimus.
466 4153 606 4230 Marxio,
636 4161 787 4236 quatenos
809 4155 1009 4249 anagraphen
1029 4154 1197 4236 genuinum

104 4257 291 4324 Dicaearchi
313 4281 393 4344 opus
414 4277 483 4327 esse
505 4263 640 4346 negavit,
664 4261 886 4326 Groddechius
907 4263 980 4325 hist.
1003 4261 1057 4322 (ir.
1072 4261 1118 4322 lit.
1141 4260 1161 4320 ι.
1177 4259 1196 4320 ι.
1298 4332 1305 4342 ἱ
