<?xml version="1.0" encoding="UTF-8"?>
<!DOCTYPE html PUBLIC "-//W3C//DTD XHTML 1.0 Transitional//EN"
    "http://www.w3.org/TR/xhtml1/DTD/xhtml1-transitional.dtd">
<html xmlns="http://www.w3.org/1999/xhtml" xml:lang="en" lang="en">
 <head>
  <title>
</title>
<meta http-equiv="Content-Type" content="text/html;charset=utf-8" />
  <meta name='ocr-system' content='tesseract 3.04.00' />
  <meta name='ocr-capabilities' content='ocr_page ocr_carea ocr_par ocr_line ocrx_word'/>
</head>
<body>
  <div class='ocr_page' id='page_1' title='image "./dicaearchimesse00fuhrgoog_0478.png"; bbox 0 0 2728 4720; ppageno 0'>
   <div class='ocr_carea' id='block_1_1' title="bbox 452 292 815 382">
    <p class='ocr_par' dir='ltr' id='par_1_1' title="bbox 452 292 815 382">
     <span class='ocr_line' id='line_1_1' title="bbox 452 292 815 382; baseline 0.003 -2"><span class='ocrx_word' id='word_1_1' title='bbox 452 339 542 352; x_wconf 81' lang='grc'><strong>-·-</strong></span> <span class='ocrx_word' id='word_1_2' title='bbox 593 306 667 382; x_wconf 79' lang='grc'><strong>463</strong></span> <span class='ocrx_word' id='word_1_3' title='bbox 703 292 815 364; x_wconf 50' lang='lat'><strong>32-</strong></span> 
     </span>
    </p>
   </div>
   <div class='ocr_carea' id='block_1_2' title="bbox 6 489 1294 4388">
    <p class='ocr_par' dir='ltr' id='par_1_2' title="bbox 6 489 1176 1877">
     <span class='ocr_line' id='line_1_2' title="bbox 84 489 814 592; baseline 0.01 -32.019"><span class='ocrx_word' id='word_1_4' title='bbox 84 489 229 560; x_wconf 81' lang='grc' dir='ltr'><em>Ἔπειτα</em></span> <span class='ocrx_word' id='word_1_5' title='bbox 250 493 396 584; x_wconf 79' lang='grc' dir='ltr'><strong><em>Σίφιος·</em></strong></span> <span class='ocrx_word' id='word_1_6' title='bbox 403 518 463 564; x_wconf 85' lang='grc' dir='ltr'><strong><em>και</em></strong></span> <span class='ocrx_word' id='word_1_7' title='bbox 450 492 682 589; x_wconf 73' lang='grc' dir='ltr'><strong>Κλμωλος</strong></span> <span class='ocrx_word' id='word_1_8' title='bbox 664 521 814 592; x_wconf 64' lang='lat' dir='ltr'><strong>axonam]</strong></span> 
     </span>
     <span class='ocr_line' id='line_1_3' title="bbox 81 595 936 703; baseline 0.013 -35.078"><span class='ocrx_word' id='word_1_9' title='bbox 81 597 239 685; x_wconf 79' lang='grc' dir='ltr'><em>Ἔχουσα</em></span> <span class='ocrx_word' id='word_1_10' title='bbox 258 595 470 691; x_wconf 58' lang='grc' dir='ltr'><strong><em>λιμέναςβλ</em></strong></span> <span class='ocrx_word' id='word_1_11' title='bbox 485 601 572 693; x_wconf 77' lang='grc' dir='ltr'><em>μεταλ</em></span> <span class='ocrx_word' id='word_1_12' title='bbox 595 605 782 698; x_wconf 53' lang='lat' dir='ltr'><strong>raison&amp;</strong></span> <span class='ocrx_word' id='word_1_13' title='bbox 804 606 936 680; x_wconf 75' lang='grc' dir='ltr'><em>ἐστὶν</em></span> <span class='ocrx_word' id='word_1_14' title='bbox 915 637 936 703; x_wconf 73' lang='grc' dir='ltr'><strong>ι)</strong></span> 
     </span>
     <span class='ocr_line' id='line_1_4' title="bbox 6 707 893 808; baseline 0.008 -28"><span class='ocrx_word' id='word_1_15' title='bbox 6 717 74 780; x_wconf 81' lang='lat' dir='ltr'><strong>lto.</strong></span> <span class='ocrx_word' id='word_1_16' title='bbox 90 708 245 799; x_wconf 69' lang='grc' dir='ltr'><strong>Δῆλος*</strong></span> <span class='ocrx_word' id='word_1_17' title='bbox 230 707 308 798; x_wconf 83' lang='grc' dir='ltr'><strong><em>ιεριὶ</em></strong></span> <span class='ocrx_word' id='word_1_18' title='bbox 330 716 435 803; x_wconf 70' lang='grc' dir='ltr'><strong><em>νῆσος</em></strong></span> <span class='ocrx_word' id='word_1_19' title='bbox 454 707 636 807; x_wconf 65' lang='grc' dir='ltr'><em>λεγομένῃ,</em></span> <span class='ocrx_word' id='word_1_20' title='bbox 657 721 714 784; x_wconf 76' lang='grc' dir='ltr'><strong>καὶ</strong></span> <span class='ocrx_word' id='word_1_21' title='bbox 733 710 835 808; x_wconf 79' lang='grc' dir='ltr'><strong><em>λιμῆιι</em></strong></span> <span class='ocrx_word' id='word_1_22' title='bbox 886 725 893 734; x_wconf 86' lang='grc'><em>“</em></span> 
     </span>
     <span class='ocr_line' id='line_1_5' title="bbox 91 809 781 910; baseline 0.001 -20"><span class='ocrx_word' id='word_1_23' title='bbox 91 809 247 898; x_wconf 60' lang='lat' dir='ltr'><strong>Nina</strong></span> <span class='ocrx_word' id='word_1_24' title='bbox 217 845 237 886; x_wconf 85' lang='grc' dir='ltr'><em>τ</em></span> <span class='ocrx_word' id='word_1_25' title='bbox 269 815 557 902; x_wconf 77' lang='grc' dir='ltr'><strong>Ἁπόλλωνος,’</strong></span> <span class='ocrx_word' id='word_1_26' title='bbox 522 843 607 890; x_wconf 77' lang='lat' dir='ltr'><strong>erran</strong></span> <span class='ocrx_word' id='word_1_27' title='bbox 630 817 781 910; x_wconf 76' lang='grc' dir='ltr'><strong><em>ἐχομένη</em></strong></span> 
     </span>
     <span class='ocr_line' id='line_1_6' title="bbox 90 922 1042 1023; baseline 0.006 -30"><span class='ocrx_word' id='word_1_28' title='bbox 90 924 270 1006; x_wconf 82' lang='grc' dir='ltr'><strong><em>Μύκονος·</em></strong></span> <span class='ocrx_word' id='word_1_29' title='bbox 290 922 377 1020; x_wconf 75' lang='grc' dir='ltr'><em>μετὰ</em></span> <span class='ocrx_word' id='word_1_30' title='bbox 399 953 519 1022; x_wconf 68' lang='grc' dir='ltr'><strong>ταυτην</strong></span> <span class='ocrx_word' id='word_1_31' title='bbox 546 929 695 1019; x_wconf 72' lang='grc' dir='ltr'><strong><em>Τιῖιιός</em></strong></span> <span class='ocrx_word' id='word_1_32' title='bbox 679 951 751 998; x_wconf 82' lang='grc' dir='ltr'><strong><em>εστι</em></strong></span> <span class='ocrx_word' id='word_1_33' title='bbox 772 934 834 998; x_wconf 81' lang='grc' dir='ltr'><strong>καλ</strong></span> <span class='ocrx_word' id='word_1_34' title='bbox 854 929 973 1023; x_wconf 67' lang='grc' dir='ltr'><strong><em>λιμὴν,</em></strong></span> <span class='ocrx_word' id='word_1_35' title='bbox 1035 945 1042 952; x_wconf 77' lang='grc'><strong>“</strong></span> 
     </span>
     <span class='ocr_line' id='line_1_7' title="bbox 84 1027 949 1128; baseline 0.005 -30.029"><span class='ocrx_word' id='word_1_36' title='bbox 84 1027 230 1122; x_wconf 82' lang='grc' dir='ltr'><strong>Ἀνδρας</strong></span> <span class='ocrx_word' id='word_1_37' title='bbox 249 1057 288 1102; x_wconf 76' lang='grc' dir='ltr'><strong>τε</strong></span> <span class='ocrx_word' id='word_1_38' title='bbox 309 1045 413 1124; x_wconf 77' lang='grc' dir='ltr'><strong><em>νῆσος</em></strong></span> <span class='ocrx_word' id='word_1_39' title='bbox 433 1041 488 1123; x_wconf 72' lang='grc' dir='ltr'><strong>κατ’</strong></span> <span class='ocrx_word' id='word_1_40' title='bbox 509 1030 602 1104; x_wconf 79' lang='grc' dir='ltr'><strong>κατὰ</strong></span> <span class='ocrx_word' id='word_1_41' title='bbox 625 1031 671 1104; x_wconf 84' lang='grc' dir='ltr'><strong><em>Γ</em></strong></span> <span class='ocrx_word' id='word_1_42' title='bbox 654 1060 818 1126; x_wconf 84' lang='grc' dir='ltr'><strong><em>εραιστοιι</em></strong></span> <span class='ocrx_word' id='word_1_43' title='bbox 838 1030 949 1128; x_wconf 65' lang='grc' dir='ltr'><strong><em>λιμήι.</em></strong></span> 
     </span>
     <span class='ocr_line' id='line_1_8' title="bbox 87 1119 936 1240; baseline 0.006 -36"><span class='ocrx_word' id='word_1_44' title='bbox 87 1123 206 1207; x_wconf 61' lang='lat' dir='ltr'><strong>Aison</strong></span> <span class='ocrx_word' id='word_1_45' title='bbox 227 1133 291 1230; x_wconf 82' lang='grc' dir='ltr'><strong>μέν</strong></span> <span class='ocrx_word' id='word_1_46' title='bbox 312 1141 376 1210; x_wconf 81' lang='grc' dir='ltr'><strong><em>εἰσι</em></strong></span> <span class='ocrx_word' id='word_1_47' title='bbox 393 1119 633 1223; x_wconf 79' lang='grc' dir='ltr'><strong><em>Κιαλάδες·’</em></strong></span> <span class='ocrx_word' id='word_1_48' title='bbox 616 1166 733 1240; x_wconf 72' lang='lat' dir='ltr'><strong>carpor</strong></span> <span class='ocrx_word' id='word_1_49' title='bbox 752 1140 936 1229; x_wconf 77' lang='grc' dir='ltr'><em>λεγόμεναι</em></span> 
     </span>
     <span class='ocr_line' id='line_1_9' title="bbox 89 1243 1097 1340; baseline 0.005 -26"><span class='ocrx_word' id='word_1_50' title='bbox 89 1243 332 1334; x_wconf 81' lang='grc' dir='ltr'><strong><em>Σιτοράδις,’</em></strong></span> <span class='ocrx_word' id='word_1_51' title='bbox 316 1273 353 1318; x_wconf 81' lang='grc' dir='ltr'><strong>εν</strong></span> <span class='ocrx_word' id='word_1_52' title='bbox 373 1245 629 1340; x_wconf 84' lang='grc' dir='ltr'><strong>αἷςΚίμωλος,</strong></span> <span class='ocrx_word' id='word_1_53' title='bbox 649 1244 736 1319; x_wconf 78' lang='grc' dir='ltr'><em>εἶτεν</em></span> <span class='ocrx_word' id='word_1_54' title='bbox 759 1273 800 1318; x_wconf 86' lang='lat' dir='ltr'><strong>oo</strong></span> <span class='ocrx_word' id='word_1_55' title='bbox 792 1243 915 1318; x_wconf 79' lang='grc' dir='ltr'><em>’πολὺ</em></span> <span class='ocrx_word' id='word_1_56' title='bbox 1039 1282 1041 1286; x_wconf 94' lang='grc'><em>·</em></span> <span class='ocrx_word' id='word_1_57' title='bbox 1092 1309 1097 1319; x_wconf 92' lang='grc'><strong>.</strong></span> 
     </span>
     <span class='ocr_line' id='line_1_10' title="bbox 90 1346 1176 1450; baseline 0.006 -31.011"><span class='ocrx_word' id='word_1_58' title='bbox 90 1346 286 1438; x_wconf 79' lang='grc' dir='ltr'><strong><em>Ἀπὲχοιισα</em></strong></span> <span class='ocrx_word' id='word_1_59' title='bbox 318 1351 465 1437; x_wconf 72' lang='grc' dir='ltr'><strong>Ἱος,7</strong></span> <span class='ocrx_word' id='word_1_60' title='bbox 432 1379 505 1426; x_wconf 75' lang='lat' dir='ltr'><strong>cuca</strong></span> <span class='ocrx_word' id='word_1_61' title='bbox 538 1352 681 1438; x_wconf 75' lang='grc' dir='ltr'><strong><em>Νάξος·</em></strong></span> <span class='ocrx_word' id='word_1_62' title='bbox 719 1352 812 1447; x_wconf 68' lang='grc' dir='ltr'><strong>μετὰ</strong></span> <span class='ocrx_word' id='word_1_63' title='bbox 839 1352 969 1450; x_wconf 77' lang='grc' dir='ltr'><strong>ταύτην</strong></span> <span class='ocrx_word' id='word_1_64' title='bbox 999 1354 1176 1446; x_wconf 78' lang='grc' dir='ltr'><em>Πελασγία</em></span> 
     </span>
     <span class='ocr_line' id='line_1_11' title="bbox 725 1451 874 1552; baseline -0.007 -20.993"><span class='ocrx_word' id='word_1_65' title='bbox 725 1451 874 1552; x_wconf 77' lang='grc' dir='ltr'><strong>Σκύρας.</strong></span> 
     </span>
     <span class='ocr_line' id='line_1_12' title="bbox 89 1564 909 1662; baseline 0.004 -28"><span class='ocrx_word' id='word_1_66' title='bbox 89 1564 186 1634; x_wconf 90' lang='grc' dir='ltr'><strong>Κατ</strong></span> <span class='ocrx_word' id='word_1_67' title='bbox 207 1565 424 1648; x_wconf 81' lang='grc' dir='ltr'><strong><em>Εὔβοιαιδ</em></strong></span> <span class='ocrx_word' id='word_1_68' title='bbox 442 1574 580 1662; x_wconf 71' lang='grc' dir='ltr'><em>ὁρῶμεν</em></span> <span class='ocrx_word' id='word_1_69' title='bbox 601 1568 759 1662; x_wconf 72' lang='grc' dir='ltr'><strong><em>κειμένην</em></strong></span> <span class='ocrx_word' id='word_1_70' title='bbox 781 1564 909 1660; x_wconf 71' lang='grc' dir='ltr'><strong>αὐτήν·</strong></span> 
     </span>
     <span class='ocr_line' id='line_1_13' title="bbox 86 1666 815 1767; baseline 0.006 -29.022"><span class='ocrx_word' id='word_1_71' title='bbox 86 1666 174 1742; x_wconf 83' lang='grc' dir='ltr'><strong><em>’Λιτό</em></strong></span> <span class='ocrx_word' id='word_1_72' title='bbox 196 1671 322 1767; x_wconf 76' lang='grc' dir='ltr'><strong>ταύτης</strong></span> <span class='ocrx_word' id='word_1_73' title='bbox 342 1678 429 1760; x_wconf 75' lang='grc' dir='ltr'><strong><em>ἐστιν</em></strong></span> <span class='ocrx_word' id='word_1_74' title='bbox 452 1676 636 1766; x_wconf 79' lang='grc' dir='ltr'><em>ἀπέχουσα</em></span> <span class='ocrx_word' id='word_1_75' title='bbox 658 1702 698 1744; x_wconf 89' lang='grc' dir='ltr'><strong>ου</strong></span> <span class='ocrx_word' id='word_1_76' title='bbox 689 1669 815 1745; x_wconf 75' lang='grc' dir='ltr'><strong><em>πολι)</em></strong></span> 
     </span>
     <span class='ocr_line' id='line_1_14' title="bbox 9 1775 886 1879; baseline 0.006 -33"><span class='ocrx_word' id='word_1_77' title='bbox 9 1785 75 1848; x_wconf 76' lang='lat'>15⁰.</span> <span class='ocrx_word' id='word_1_78' title='bbox 91 1781 212 1872; x_wconf 76' lang='grc' dir='ltr'><strong><em>Νῆσις</em></strong></span> <span class='ocrx_word' id='word_1_79' title='bbox 234 1777 479 1873; x_wconf 69' lang='lat' dir='ltr'><strong>llonolontlog&#39;</strong></span> <span class='ocrx_word' id='word_1_80' title='bbox 461 1812 482 1877; x_wconf 78' lang='lat' dir='ltr'><strong>i</strong></span> <span class='ocrx_word' id='word_1_81' title='bbox 502 1787 659 1879; x_wconf 80' lang='grc' dir='ltr'><strong>τρίπαλις</strong></span> <span class='ocrx_word' id='word_1_82' title='bbox 679 1775 886 1877; x_wconf 74' lang='grc' dir='ltr'><em>καλουμένη.</em></span> 
     </span>
    </p>

    <p class='ocr_par' dir='ltr' id='par_1_3' title="bbox 86 1889 1179 3156">
     <span class='ocr_line' id='line_1_15' title="bbox 173 1889 1175 1977; baseline 0.006 -23"><span class='ocrx_word' id='word_1_83' title='bbox 173 1913 202 1956; x_wconf 87' lang='grc' dir='ltr'><strong>τ.</strong></span> <span class='ocrx_word' id='word_1_84' title='bbox 224 1895 253 1956; x_wconf 91' lang='grc'><strong>1.</strong></span> <span class='ocrx_word' id='word_1_85' title='bbox 276 1889 348 1958; x_wconf 79' lang='grc' dir='ltr'><strong>διὰ</strong></span> <span class='ocrx_word' id='word_1_86' title='bbox 365 1889 542 1972; x_wconf 78' lang='grc' dir='ltr'><strong>παντός,</strong></span> <span class='ocrx_word' id='word_1_87' title='bbox 571 1896 657 1977; x_wconf 86' lang='lat' dir='ltr'><strong>quod</strong></span> <span class='ocrx_word' id='word_1_88' title='bbox 677 1901 783 1958; x_wconf 88' lang='lat' dir='ltr'><strong>utrum</strong></span> <span class='ocrx_word' id='word_1_89' title='bbox 804 1895 925 1958; x_wconf 81' lang='lat' dir='ltr'><strong>duobus</strong></span> <span class='ocrx_word' id='word_1_90' title='bbox 947 1895 1107 1960; x_wconf 82' lang='lat' dir='ltr'><strong>vocabulis</strong></span> <span class='ocrx_word' id='word_1_91' title='bbox 1127 1899 1175 1960; x_wconf 88' lang='lat' dir='ltr'><strong>di·</strong></span> 
     </span>
     <span class='ocr_line' id='line_1_16' title="bbox 87 2004 1179 2086; baseline -0.001 -22"><span class='ocrx_word' id='word_1_92' title='bbox 87 2008 243 2081; x_wconf 88' lang='lat' dir='ltr'><strong>remtum,</strong></span> <span class='ocrx_word' id='word_1_93' title='bbox 273 2006 352 2068; x_wconf 83' lang='lat' dir='ltr'><strong>sicut</strong></span> <span class='ocrx_word' id='word_1_94' title='bbox 382 2006 530 2086; x_wconf 80' lang='lat' dir='ltr'><strong>equidem</strong></span> <span class='ocrx_word' id='word_1_95' title='bbox 558 2007 621 2068; x_wconf 91' lang='lat' dir='ltr'><strong>hoc</strong></span> <span class='ocrx_word' id='word_1_96' title='bbox 648 2006 720 2068; x_wconf 89' lang='lat' dir='ltr'><strong>loco</strong></span> <span class='ocrx_word' id='word_1_97' title='bbox 750 2004 896 2066; x_wconf 84' lang='lat' dir='ltr'><strong>codicum</strong></span> <span class='ocrx_word' id='word_1_98' title='bbox 917 2007 1098 2068; x_wconf 73' lang='lat' dir='ltr'><strong>auctoritati</strong></span> <span class='ocrx_word' id='word_1_99' title='bbox 1119 2007 1179 2066; x_wconf 79' lang='lat' dir='ltr'><strong>olr-¹</strong></span> 
     </span>
     <span class='ocr_line' id='line_1_17' title="bbox 88 2098 1175 2192; baseline 0.004 -22"><span class='ocrx_word' id='word_1_100' title='bbox 88 2128 225 2189; x_wconf 81' lang='lat' dir='ltr'><strong>sequens</strong></span> <span class='ocrx_word' id='word_1_101' title='bbox 253 2098 395 2190; x_wconf 72' lang='lat' dir='ltr'><strong>exhibui,</strong></span> <span class='ocrx_word' id='word_1_102' title='bbox 425 2133 463 2175; x_wconf 93' lang='lat' dir='ltr'><strong>an</strong></span> <span class='ocrx_word' id='word_1_103' title='bbox 498 2133 558 2176; x_wconf 90' lang='lat' dir='ltr'><strong>una</strong></span> <span class='ocrx_word' id='word_1_104' title='bbox 588 2131 667 2174; x_wconf 85' lang='lat' dir='ltr'><strong>voce</strong></span> <span class='ocrx_word' id='word_1_105' title='bbox 694 2113 895 2188; x_wconf 85' lang='lat' dir='ltr'><strong>continuum,</strong></span> <span class='ocrx_word' id='word_1_106' title='bbox 928 2114 983 2192; x_wconf 85' lang='lat' dir='ltr'><strong>qui</strong></span> <span class='ocrx_word' id='word_1_107' title='bbox 1015 2113 1175 2174; x_wconf 83' lang='lat' dir='ltr'><strong>scribendi</strong></span> 
     </span>
     <span class='ocr_line' id='line_1_18' title="bbox 87 2215 1173 2304; baseline 0.002 -26"><span class='ocrx_word' id='word_1_108' title='bbox 87 2216 200 2279; x_wconf 82' lang='lat' dir='ltr'><strong>modus</strong></span> <span class='ocrx_word' id='word_1_109' title='bbox 228 2221 411 2299; x_wconf 85' lang='lat' dir='ltr'><strong>posterioris</strong></span> <span class='ocrx_word' id='word_1_110' title='bbox 432 2222 538 2302; x_wconf 83' lang='lat' dir='ltr'><strong>potius</strong></span> <span class='ocrx_word' id='word_1_111' title='bbox 566 2219 677 2284; x_wconf 81' lang='lat' dir='ltr'><strong>ietctia</strong></span> <span class='ocrx_word' id='word_1_112' title='bbox 703 2238 774 2282; x_wconf 82' lang='lat' dir='ltr'><strong>csse</strong></span> <span class='ocrx_word' id='word_1_113' title='bbox 793 2217 920 2282; x_wconf 83' lang='lat' dir='ltr'><strong>videtur</strong></span> <span class='ocrx_word' id='word_1_114' title='bbox 941 2215 1009 2304; x_wconf 89' lang='lat' dir='ltr'><strong>(ita</strong></span> <span class='ocrx_word' id='word_1_115' title='bbox 1031 2218 1173 2300; x_wconf 85' lang='lat' dir='ltr'><strong>utapud</strong></span> 
     </span>
     <span class='ocr_line' id='line_1_19' title="bbox 87 2313 1175 2411; baseline 0.004 -27"><span class='ocrx_word' id='word_1_116' title='bbox 87 2325 242 2386; x_wconf 86' lang='lat' dir='ltr'><strong>Zonaram</strong></span> <span class='ocrx_word' id='word_1_117' title='bbox 276 2346 309 2406; x_wconf 87' lang='lat' dir='ltr'><strong>p.</strong></span> <span class='ocrx_word' id='word_1_118' title='bbox 325 2326 390 2411; x_wconf 13' lang='lat'><strong>*42⁰</strong></span> <span class='ocrx_word' id='word_1_119' title='bbox 416 2313 612 2401; x_wconf 76' lang='grc' dir='ltr'><strong><em>διαπαντός</em></strong></span> <span class='ocrx_word' id='word_1_120' title='bbox 639 2345 699 2408; x_wconf 83' lang='lat' dir='ltr'><strong>pro</strong></span> <span class='ocrx_word' id='word_1_121' title='bbox 727 2327 886 2406; x_wconf 83' lang='lat' dir='ltr'><strong>scriptura</strong></span> <span class='ocrx_word' id='word_1_122' title='bbox 914 2326 1089 2388; x_wconf 87' lang='lat' dir='ltr'><strong>indubitata</strong></span> <span class='ocrx_word' id='word_1_123' title='bbox 1117 2327 1175 2388; x_wconf 81' lang='lat' dir='ltr'><strong>luu-</strong></span> 
     </span>
     <span class='ocr_line' id='line_1_20' title="bbox 88 2416 1175 2516; baseline 0.002 -24"><span class='ocrx_word' id='word_1_124' title='bbox 88 2426 220 2516; x_wconf 84' lang='lat' dir='ltr'><strong>beam),</strong></span> <span class='ocrx_word' id='word_1_125' title='bbox 249 2433 427 2513; x_wconf 85' lang='lat' dir='ltr'><strong>proferatur</strong></span> <span class='ocrx_word' id='word_1_126' title='bbox 455 2447 566 2515; x_wconf 83' lang='lat' dir='ltr'><strong>parum</strong></span> <span class='ocrx_word' id='word_1_127' title='bbox 593 2416 717 2511; x_wconf 81' lang='lat' dir='ltr'><strong>rciert‚.</strong></span> <span class='ocrx_word' id='word_1_128' title='bbox 739 2433 873 2494; x_wconf 87' lang='lat' dir='ltr'><strong>eundem</strong></span> <span class='ocrx_word' id='word_1_129' title='bbox 904 2451 975 2494; x_wconf 91' lang='lat' dir='ltr'><strong>cum</strong></span> <span class='ocrx_word' id='word_1_130' title='bbox 995 2429 1050 2494; x_wconf 79' lang='lat' dir='ltr'><strong>ciel</strong></span> <span class='ocrx_word' id='word_1_131' title='bbox 1078 2433 1175 2494; x_wconf 84' lang='lat' dir='ltr'><strong>habet</strong></span> 
     </span>
     <span class='ocr_line' id='line_1_21' title="bbox 87 2525 1175 2632; baseline 0.001 -33"><span class='ocrx_word' id='word_1_132' title='bbox 87 2556 230 2617; x_wconf 84' lang='lat' dir='ltr'><strong>sensum,</strong></span> <span class='ocrx_word' id='word_1_133' title='bbox 261 2559 341 2620; x_wconf 83' lang='lat' dir='ltr'><strong>quo,</strong></span> <span class='ocrx_word' id='word_1_134' title='bbox 370 2525 404 2602; x_wconf 90' lang='lat' dir='ltr'><strong>ut</strong></span> <span class='ocrx_word' id='word_1_135' title='bbox 430 2561 469 2616; x_wconf 76' lang='lat' dir='ltr'><strong>ex</strong></span> <span class='ocrx_word' id='word_1_136' title='bbox 491 2546 622 2622; x_wconf 83' lang='lat' dir='ltr'><strong>cognato</strong></span> <span class='ocrx_word' id='word_1_137' title='bbox 643 2543 803 2622; x_wconf 76' lang='lat' dir='ltr'><strong>scriptore</strong></span> <span class='ocrx_word' id='word_1_138' title='bbox 825 2540 999 2632; x_wconf 82' lang='lat' dir='ltr'><strong>exemplum</strong></span> <span class='ocrx_word' id='word_1_139' title='bbox 1019 2546 1175 2620; x_wconf 73' lang='lat' dir='ltr'><strong>repetam,</strong></span> 
     </span>
     <span class='ocr_line' id='line_1_22' title="bbox 88 2646 1175 2730; baseline 0.002 -24"><span class='ocrx_word' id='word_1_140' title='bbox 88 2648 183 2708; x_wconf 86' lang='lat' dir='ltr'><strong>ctiam</strong></span> <span class='ocrx_word' id='word_1_141' title='bbox 212 2648 296 2728; x_wconf 85' lang='lat' dir='ltr'><strong>apud</strong></span> <span class='ocrx_word' id='word_1_142' title='bbox 317 2648 481 2730; x_wconf 87' lang='lat' dir='ltr'><strong>Scymuum</strong></span> <span class='ocrx_word' id='word_1_143' title='bbox 503 2646 618 2711; x_wconf 84' lang='lat' dir='ltr'><strong>Chium</strong></span> <span class='ocrx_word' id='word_1_144' title='bbox 635 2667 665 2710; x_wconf 84' lang='lat' dir='ltr'><strong>r.</strong></span> <span class='ocrx_word' id='word_1_145' title='bbox 686 2647 727 2710; x_wconf 89' lang='grc'><strong>18</strong></span> <span class='ocrx_word' id='word_1_146' title='bbox 747 2655 931 2728; x_wconf 81' lang='lat' dir='ltr'><strong>usurpatum</strong></span> <span class='ocrx_word' id='word_1_147' title='bbox 953 2653 1011 2725; x_wconf 90' lang='lat' dir='ltr'><strong>est,</strong></span> <span class='ocrx_word' id='word_1_148' title='bbox 1031 2649 1175 2710; x_wconf 84' lang='lat' dir='ltr'><strong>brevior·</strong></span> 
     </span>
     <span class='ocr_line' id='line_1_23' title="bbox 88 2745 1175 2850; baseline -0.001 -36"><span class='ocrx_word' id='word_1_149' title='bbox 88 2772 152 2832; x_wconf 85' lang='lat' dir='ltr'><strong>que</strong></span> <span class='ocrx_word' id='word_1_150' title='bbox 179 2773 242 2834; x_wconf 84' lang='lat' dir='ltr'><strong>pro</strong></span> <span class='ocrx_word' id='word_1_151' title='bbox 262 2745 320 2816; x_wconf 85' lang='grc' dir='ltr'><strong><em>διαὶ</em></strong></span> <span class='ocrx_word' id='word_1_152' title='bbox 342 2747 474 2850; x_wconf 84' lang='grc' dir='ltr'><strong><em>ιταιιτὸς</em></strong></span> <span class='ocrx_word' id='word_1_153' title='bbox 494 2773 623 2838; x_wconf 83' lang='grc' dir='ltr'><strong><em>χρονοιι</em></strong></span> <span class='ocrx_word' id='word_1_154' title='bbox 646 2773 670 2816; x_wconf 90' lang='lat' dir='ltr'><strong>s</strong></span> <span class='ocrx_word' id='word_1_155' title='bbox 692 2749 822 2828; x_wconf 82' lang='grc' dir='ltr'><strong><em>αιίὅιιος</em></strong></span> <span class='ocrx_word' id='word_1_156' title='bbox 851 2753 979 2816; x_wconf 85' lang='lat' dir='ltr'><strong>(licendi</strong></span> <span class='ocrx_word' id='word_1_157' title='bbox 1008 2755 1091 2816; x_wconf 87' lang='lat' dir='ltr'><strong>ratio</strong></span> <span class='ocrx_word' id='word_1_158' title='bbox 1120 2773 1175 2814; x_wconf 82' lang='lat' dir='ltr'><strong>ex·</strong></span> 
     </span>
     <span class='ocr_line' id='line_1_24' title="bbox 86 2843 1174 2940; baseline -0.001 -19"><span class='ocrx_word' id='word_1_159' title='bbox 86 2867 159 2936; x_wconf 88' lang='lat' dir='ltr'><strong>stat</strong></span> <span class='ocrx_word' id='word_1_160' title='bbox 208 2861 360 2923; x_wconf 78' lang='lat' dir='ltr'><strong>Ceterum</strong></span> <span class='ocrx_word' id='word_1_161' title='bbox 385 2881 443 2924; x_wconf 89' lang='lat' dir='ltr'><strong>uon</strong></span> <span class='ocrx_word' id='word_1_162' title='bbox 471 2862 570 2924; x_wconf 86' lang='lat' dir='ltr'><strong>solum</strong></span> <span class='ocrx_word' id='word_1_163' title='bbox 591 2861 632 2922; x_wconf 87' lang='lat' dir='ltr'><strong>de</strong></span> <span class='ocrx_word' id='word_1_164' title='bbox 652 2866 815 2940; x_wconf 85' lang='lat' dir='ltr'><strong>tempore,</strong></span> <span class='ocrx_word' id='word_1_165' title='bbox 845 2859 904 2921; x_wconf 80' lang='lat' dir='ltr'><strong>secl</strong></span> <span class='ocrx_word' id='word_1_166' title='bbox 926 2843 1019 2922; x_wconf 84' lang='lat' dir='ltr'><strong>ctiam</strong></span> <span class='ocrx_word' id='word_1_167' title='bbox 1041 2859 1174 2922; x_wconf 78' lang='lat' dir='ltr'><strong>deloco</strong></span> 
     </span>
     <span class='ocr_line' id='line_1_25' title="bbox 86 2967 1173 3054; baseline 0.003 -26"><span class='ocrx_word' id='word_1_168' title='bbox 86 2967 121 3028; x_wconf 92' lang='lat' dir='ltr'><strong>in</strong></span> <span class='ocrx_word' id='word_1_169' title='bbox 135 2987 193 3030; x_wconf 88' lang='lat' dir='ltr'><strong>usu</strong></span> <span class='ocrx_word' id='word_1_170' title='bbox 207 2967 304 3032; x_wconf 85' lang='lat' dir='ltr'><strong>foisse</strong></span> <span class='ocrx_word' id='word_1_171' title='bbox 318 2969 494 3054; x_wconf 79' lang='lat' dir='ltr'><strong>lcxigraplui</strong></span> <span class='ocrx_word' id='word_1_172' title='bbox 515 2971 742 3042; x_wconf 76' lang='lat' dir='ltr'><strong>adnotaverunt</strong></span> <span class='ocrx_word' id='word_1_173' title='bbox 762 2969 804 3032; x_wconf 83' lang='lat' dir='ltr'><strong>cf.</strong></span> <span class='ocrx_word' id='word_1_174' title='bbox 817 2968 922 3050; x_wconf 79' lang='lat' dir='ltr'><strong>Etym.</strong></span> <span class='ocrx_word' id='word_1_175' title='bbox 936 2969 982 3033; x_wconf 89' lang='grc' dir='ltr'><strong>Μ.</strong></span> <span class='ocrx_word' id='word_1_176' title='bbox 996 2988 1029 3050; x_wconf 84' lang='lat' dir='ltr'><strong>p.</strong></span> <span class='ocrx_word' id='word_1_177' title='bbox 1049 2967 1112 3032; x_wconf 79' lang='grc'><strong>244</strong></span> <span class='ocrx_word' id='word_1_178' title='bbox 1126 2987 1173 3050; x_wconf 85' lang='lat' dir='ltr'><strong>aq.</strong></span> 
     </span>
     <span class='ocr_line' id='line_1_26' title="bbox 87 3071 535 3156; baseline 0.011 -22"><span class='ocrx_word' id='word_1_179' title='bbox 87 3071 230 3140; x_wconf 83' lang='lat' dir='ltr'><strong>Zoucu.¹</strong></span> <span class='ocrx_word' id='word_1_180' title='bbox 224 3095 255 3156; x_wconf 85' lang='lat' dir='ltr'><strong>p.</strong></span> <span class='ocrx_word' id='word_1_181' title='bbox 276 3076 327 3138; x_wconf 77' lang='lat'><strong>97.</strong></span> <span class='ocrx_word' id='word_1_182' title='bbox 372 3089 377 3098; x_wconf 82' lang='lat'>&#39;</span> <span class='ocrx_word' id='word_1_183' title='bbox 531 3096 535 3106; x_wconf 63' lang='lat'><em>¹</em></span> 
     </span>
    </p>

    <p class='ocr_par' dir='ltr' id='par_1_4' title="bbox 85 3179 1176 3810">
     <span class='ocr_line' id='line_1_27' title="bbox 169 3179 1174 3272; baseline -0.003 -26"><span class='ocrx_word' id='word_1_184' title='bbox 169 3189 199 3246; x_wconf 77' lang='grc' dir='ltr'><strong>τ’.</strong></span> <span class='ocrx_word' id='word_1_185' title='bbox 220 3182 250 3246; x_wconf 79' lang='lat'><strong>2.</strong></span> <span class='ocrx_word' id='word_1_186' title='bbox 278 3184 494 3262; x_wconf 85' lang='lat' dir='ltr'><strong>Buttruauno,¹</strong></span> <span class='ocrx_word' id='word_1_187' title='bbox 510 3187 564 3264; x_wconf 87' lang='lat' dir='ltr'><strong>qui</strong></span> <span class='ocrx_word' id='word_1_188' title='bbox 583 3185 645 3248; x_wconf 85' lang='lat' dir='ltr'><strong>lucc</strong></span> <span class='ocrx_word' id='word_1_189' title='bbox 671 3185 953 3265; x_wconf 79' lang='lat' dir='ltr'><strong>locoscriptoram</strong></span> <span class='ocrx_word' id='word_1_190' title='bbox 974 3179 1174 3272; x_wconf 71' lang='lat' dir='ltr'><strong>proscaenio</strong></span> 
     </span>
     <span class='ocr_line' id='line_1_28' title="bbox 87 3281 1174 3374; baseline 0.004 -26"><span class='ocrx_word' id='word_1_191' title='bbox 87 3291 232 3352; x_wconf 87' lang='lat' dir='ltr'><strong>consulto</strong></span> <span class='ocrx_word' id='word_1_192' title='bbox 256 3286 423 3364; x_wconf 78' lang='grc' dir='ltr'><strong>πλάττων</strong></span> <span class='ocrx_word' id='word_1_193' title='bbox 452 3281 669 3374; x_wconf 71' lang='lat' dir='ltr'><strong>pronuntiasse</strong></span> <span class='ocrx_word' id='word_1_194' title='bbox 696 3295 729 3355; x_wconf 94' lang='lat' dir='ltr'><strong>in</strong></span> <span class='ocrx_word' id='word_1_195' title='bbox 757 3311 858 3372; x_wconf 85' lang='lat' dir='ltr'><strong>eaque</strong></span> <span class='ocrx_word' id='word_1_196' title='bbox 886 3311 923 3353; x_wconf 90' lang='lat' dir='ltr'><strong>rc</strong></span> <span class='ocrx_word' id='word_1_197' title='bbox 943 3311 1087 3374; x_wconf 76' lang='lat' dir='ltr'><strong>maguum</strong></span> <span class='ocrx_word' id='word_1_198' title='bbox 1107 3309 1174 3353; x_wconf 91' lang='lat' dir='ltr'><strong>nro·</strong></span> 
     </span>
     <span class='ocr_line' id='line_1_29' title="bbox 87 3398 1174 3486; baseline 0.003 -29"><span class='ocrx_word' id='word_1_199' title='bbox 87 3404 227 3460; x_wconf 88' lang='lat' dir='ltr'><strong>mentum</strong></span> <span class='ocrx_word' id='word_1_200' title='bbox 254 3401 468 3462; x_wconf 86' lang='lat' dir='ltr'><strong>collocandum</strong></span> <span class='ocrx_word' id='word_1_201' title='bbox 490 3420 566 3482; x_wconf 82' lang='lat' dir='ltr'><strong>esse</strong></span> <span class='ocrx_word' id='word_1_202' title='bbox 593 3401 731 3480; x_wconf 84' lang='lat' dir='ltr'><strong>indeque</strong></span> <span class='ocrx_word' id='word_1_203' title='bbox 762 3401 850 3486; x_wconf 80' lang='lat' dir='ltr'><strong>ellici</strong></span> <span class='ocrx_word' id='word_1_204' title='bbox 879 3399 1032 3474; x_wconf 86' lang='lat' dir='ltr'><strong>affirmat,</strong></span> <span class='ocrx_word' id='word_1_205' title='bbox 1062 3404 1099 3460; x_wconf 85' lang='lat' dir='ltr'><strong>ut</strong></span> <span class='ocrx_word' id='word_1_206' title='bbox 1123 3398 1174 3460; x_wconf 51' lang='lat' dir='ltr'><strong>¹dc</strong></span> 
     </span>
     <span class='ocr_line' id='line_1_30' title="bbox 88 3490 1175 3588; baseline 0.004 -24"><span class='ocrx_word' id='word_1_207' title='bbox 88 3523 190 3584; x_wconf 80' lang='lat' dir='ltr'><strong>opero</strong></span> <span class='ocrx_word' id='word_1_208' title='bbox 212 3507 296 3585; x_wconf 83' lang='lat' dir='ltr'><strong>quod</strong></span> <span class='ocrx_word' id='word_1_209' title='bbox 318 3507 357 3568; x_wconf 86' lang='lat' dir='ltr'><strong>ad</strong></span> <span class='ocrx_word' id='word_1_210' title='bbox 376 3490 514 3574; x_wconf 81' lang='lat' dir='ltr'><strong>formam</strong></span> <span class='ocrx_word' id='word_1_211' title='bbox 530 3507 741 3568; x_wconf 84' lang='lat' dir='ltr'><strong>tantummodo</strong></span> <span class='ocrx_word' id='word_1_212' title='bbox 763 3525 843 3570; x_wconf 78' lang='lat' dir='ltr'><strong>noro</strong></span> <span class='ocrx_word' id='word_1_213' title='bbox 865 3512 897 3568; x_wconf 91' lang='lat' dir='ltr'><strong>et</strong></span> <span class='ocrx_word' id='word_1_214' title='bbox 917 3505 1067 3587; x_wconf 76' lang='lat' dir='ltr'><strong>singulari</strong></span> <span class='ocrx_word' id='word_1_215' title='bbox 1087 3507 1175 3588; x_wconf 81' lang='lat' dir='ltr'><strong>cogi-</strong></span> 
     </span>
     <span class='ocr_line' id='line_1_31' title="bbox 85 3611 1176 3696; baseline 0.004 -24"><span class='ocrx_word' id='word_1_216' title='bbox 85 3611 215 3674; x_wconf 87' lang='lat' dir='ltr'><strong>tandum</strong></span> <span class='ocrx_word' id='word_1_217' title='bbox 236 3614 292 3690; x_wconf 85' lang='lat' dir='ltr'><strong>ait,</strong></span> <span class='ocrx_word' id='word_1_218' title='bbox 314 3613 542 3676; x_wconf 83' lang='lat' dir='ltr'><strong>assentiendum</strong></span> <span class='ocrx_word' id='word_1_219' title='bbox 564 3631 639 3676; x_wconf 88' lang='lat' dir='ltr'><strong>esse·</strong></span> <span class='ocrx_word' id='word_1_220' title='bbox 653 3634 753 3696; x_wconf 75' lang='lat' dir='ltr'><strong>nego:</strong></span> <span class='ocrx_word' id='word_1_221' title='bbox 773 3620 808 3677; x_wconf 91' lang='lat' dir='ltr'><strong>ut</strong></span> <span class='ocrx_word' id='word_1_222' title='bbox 829 3615 911 3675; x_wconf 86' lang='lat' dir='ltr'><strong>enim</strong></span> <span class='ocrx_word' id='word_1_223' title='bbox 933 3614 1025 3694; x_wconf 82' lang='lat' dir='ltr'><strong>plura</strong></span> <span class='ocrx_word' id='word_1_224' title='bbox 1045 3614 1176 3693; x_wconf 89' lang='lat' dir='ltr'><strong>mittam,</strong></span> 
     </span>
     <span class='ocr_line' id='line_1_32' title="bbox 87 3721 1175 3810; baseline 0.002 -30"><span class='ocrx_word' id='word_1_225' title='bbox 87 3725 122 3780; x_wconf 85' lang='lat' dir='ltr'><strong>et</strong></span> <span class='ocrx_word' id='word_1_226' title='bbox 152 3725 188 3796; x_wconf 80' lang='lat' dir='ltr'><strong>ut</strong></span> <span class='ocrx_word' id='word_1_227' title='bbox 208 3722 310 3800; x_wconf 90' lang='lat' dir='ltr'><strong>ipsum</strong></span> <span class='ocrx_word' id='word_1_228' title='bbox 332 3721 556 3798; x_wconf 73' lang='lat' dir='ltr'><strong>Dicaearchum</strong></span> <span class='ocrx_word' id='word_1_229' title='bbox 582 3721 777 3810; x_wconf 79' lang='lat' dir='ltr'><strong>anagraphes</strong></span> <span class='ocrx_word' id='word_1_230' title='bbox 808 3729 968 3783; x_wconf 82' lang='lat' dir='ltr'><strong>auctorem</strong></span> <span class='ocrx_word' id='word_1_231' title='bbox 995 3727 1175 3798; x_wconf 79' lang='lat' dir='ltr'><strong>statuamus,</strong></span> 
     </span>
    </p>

    <p class='ocr_par' dir='ltr' id='par_1_5' title="bbox 59 3824 1228 4120">
     <span class='ocr_line' id='line_1_33' title="bbox 59 3824 1228 3909; baseline 0.004 -23"><span class='ocrx_word' id='word_1_232' title='bbox 59 3901 61 3905; x_wconf 68' lang='lat'>,</span> <span class='ocrx_word' id='word_1_233' title='bbox 89 3824 166 3904; x_wconf 85' lang='lat' dir='ltr'><strong>quid</strong></span> <span class='ocrx_word' id='word_1_234' title='bbox 188 3827 366 3890; x_wconf 86' lang='lat' dir='ltr'><strong>Buttmanni</strong></span> <span class='ocrx_word' id='word_1_235' title='bbox 388 3828 596 3908; x_wconf 83' lang='lat' dir='ltr'><strong>explicatione</strong></span> <span class='ocrx_word' id='word_1_236' title='bbox 618 3827 658 3890; x_wconf 84' lang='lat' dir='ltr'><strong>de</strong></span> <span class='ocrx_word' id='word_1_237' title='bbox 679 3846 714 3888; x_wconf 88' lang='lat' dir='ltr'><strong>se</strong></span> <span class='ocrx_word' id='word_1_238' title='bbox 735 3827 923 3908; x_wconf 86' lang='lat' dir='ltr'><strong>praedicare</strong></span> <span class='ocrx_word' id='word_1_239' title='bbox 943 3827 1094 3909; x_wconf 72' lang='lat' dir='ltr'><strong>jubetur?</strong></span> <span class='ocrx_word' id='word_1_240' title='bbox 1117 3827 1175 3888; x_wconf 89' lang='lat' dir='ltr'><strong>Ni·</strong></span> <span class='ocrx_word' id='word_1_241' title='bbox 1227 3888 1228 3891; x_wconf 74' lang='grc'>,</span> 
     </span>
     <span class='ocr_line' id='line_1_34' title="bbox 87 3931 1174 4016; baseline 0 -22"><span class='ocrx_word' id='word_1_242' title='bbox 87 3931 152 4010; x_wconf 83' lang='lat' dir='ltr'><strong>nil,</strong></span> <span class='ocrx_word' id='word_1_243' title='bbox 180 3935 242 3996; x_wconf 89' lang='lat' dir='ltr'><strong>nisi</strong></span> <span class='ocrx_word' id='word_1_244' title='bbox 267 3933 352 4016; x_wconf 83' lang='lat' dir='ltr'><strong>qood</strong></span> <span class='ocrx_word' id='word_1_245' title='bbox 380 3935 497 3996; x_wconf 89' lang='lat' dir='ltr'><strong>aliena·</strong></span> <span class='ocrx_word' id='word_1_246' title='bbox 517 3933 620 3996; x_wconf 83' lang='lat' dir='ltr'><strong>studia</strong></span> <span class='ocrx_word' id='word_1_247' title='bbox 649 3935 682 3996; x_wconf 93' lang='lat' dir='ltr'><strong>in</strong></span> <span class='ocrx_word' id='word_1_248' title='bbox 712 3953 822 3996; x_wconf 86' lang='lat' dir='ltr'><strong>novam</strong></span> <span class='ocrx_word' id='word_1_249' title='bbox 847 3933 981 3996; x_wconf 78' lang='lat' dir='ltr'><strong>formam</strong></span> <span class='ocrx_word' id='word_1_250' title='bbox 1009 3931 1174 3996; x_wconf 84' lang='lat' dir='ltr'><strong>includere</strong></span> 
     </span>
     <span class='ocr_line' id='line_1_35' title="bbox 88 4035 1079 4120; baseline 0.017 -22"><span class='ocrx_word' id='word_1_251' title='bbox 88 4047 229 4120; x_wconf 84' lang='lat' dir='ltr'><strong>semper</strong></span> <span class='ocrx_word' id='word_1_252' title='bbox 235 4041 344 4102; x_wconf 76' lang='lat' dir='ltr'><strong>soleat</strong></span> <span class='ocrx_word' id='word_1_253' title='bbox 1020 4051 1024 4064; x_wconf 53' lang='lat'>⁸</span> <span class='ocrx_word' id='word_1_254' title='bbox 1065 4035 1079 4072; x_wconf 75' lang='lat'>&#39;</span> 
     </span>
    </p>

    <p class='ocr_par' dir='ltr' id='par_1_6' title="bbox 88 4135 1294 4344">
     <span class='ocr_line' id='line_1_36' title="bbox 172 4135 1291 4233; baseline 0 -25"><span class='ocrx_word' id='word_1_255' title='bbox 172 4135 246 4210; x_wconf 85' lang='grc' dir='ltr'><strong>τὸι</strong></span> <span class='ocrx_word' id='word_1_256' title='bbox 275 4135 470 4233; x_wconf 74' lang='grc' dir='ltr'><em>ἑτέρων</em></span> <span class='ocrx_word' id='word_1_257' title='bbox 469 4139 613 4214; x_wconf 82' lang='grc' dir='ltr'><strong><em>πόνοι.</em></strong></span> <span class='ocrx_word' id='word_1_258' title='bbox 665 4146 757 4228; x_wconf 78' lang='lat' dir='ltr'><strong>Quod</strong></span> <span class='ocrx_word' id='word_1_259' title='bbox 790 4145 1000 4228; x_wconf 82' lang='lat' dir='ltr'><strong>lloesclrolius</strong></span> <span class='ocrx_word' id='word_1_260' title='bbox 1026 4145 1061 4208; x_wconf 90' lang='lat' dir='ltr'><strong>iu</strong></span> <span class='ocrx_word' id='word_1_261' title='bbox 1089 4145 1174 4210; x_wconf 86' lang='lat' dir='ltr'><strong>libro</strong></span> <span class='ocrx_word' id='word_1_262' title='bbox 1289 4201 1291 4208; x_wconf 89' lang='grc'><em>,</em></span> 
     </span>
     <span class='ocr_line' id='line_1_37' title="bbox 88 4243 1294 4388; baseline 0 -70"><span class='ocrx_word' id='word_1_263' title='bbox 88 4256 301 4388; x_wconf 72' lang='lat' dir='ltr'><strong>manuscripto</strong></span> <span class='ocrx_word' id='word_1_264' title='bbox 321 4263 491 4341; x_wconf 78' lang='lat' dir='ltr'><strong>repererat</strong></span> <span class='ocrx_word' id='word_1_265' title='bbox 517 4245 581 4324; x_wconf 81' lang='grc' dir='ltr'><strong>τὸν</strong></span> <span class='ocrx_word' id='word_1_266' title='bbox 609 4243 729 4344; x_wconf 71' lang='grc' dir='ltr'><em>ἕτερον</em></span> <span class='ocrx_word' id='word_1_267' title='bbox 756 4246 888 4332; x_wconf 75' lang='grc' dir='ltr'><strong><em>πόιιοιι,</em></strong></span> <span class='ocrx_word' id='word_1_268' title='bbox 916 4259 953 4322; x_wconf 79' lang='lat' dir='ltr'><strong>ul</strong></span> <span class='ocrx_word' id='word_1_269' title='bbox 981 4253 1023 4320; x_wconf 80' lang='lat' dir='ltr'><strong>(le</strong></span> <span class='ocrx_word' id='word_1_270' title='bbox 1054 4254 1175 4318; x_wconf 83' lang='lat' dir='ltr'><strong>erroris</strong></span> <span class='ocrx_word' id='word_1_271' title='bbox 1293 4250 1294 4254; x_wconf 63' lang='grc'>’</span> 
     </span>
    </p>
   </div>
   <div class='ocr_carea' id='block_1_3' title="bbox 0 0 1370 4720">
    <p class='ocr_par' dir='ltr' id='par_1_7' title="bbox 0 0 1370 4720">
     <span class='ocr_line' id='line_1_38' title="bbox 0 0 1370 4720; baseline 0 0"><span class='ocrx_word' id='word_1_272' title='bbox 0 0 1370 4720; x_wconf 95' lang='lat' dir='ltr'><strong> </strong></span> 
     </span>
    </p>
   </div>
  </div>
 </body>
</html>
