2728 4726
466 247 877 323 =--4-5-.

57 463 59 466 ·
161 440 232 506 dam
251 441 345 518 vitia,
367 441 480 522 quihus
500 407 682 525 respublica
702 402 855 528 Spartana
879 445 1033 520 laboravit
1054 428 1250 536 quorumque

160 549 254 628 causa
267 553 311 623 ‚ah
332 552 505 638 Aristotele
515 553 701 658 Dicaearchi
720 556 935 654 praeceptore
955 560 1155 640 reprehensa
1175 563 1255 636 tuit,

158 671 221 724 iton
247 660 504 725 animadvertisse
532 669 586 725 aut
615 660 757 728 consulto
786 667 963 747 neglexisse
991 669 1166 751 opinandus
1195 677 1252 734 cst.
1326 689 1328 694 ·

157 751 205 836 he
227 777 299 836 ortu
320 736 484 834 et⁸uatura
504 773 696 854 singularum
722 779 757 837 et
782 775 945 840 affinitatis
972 784 1006 840 et
1037 781 1197 843 societatis
1215 785 1252 850 ‚et

41 953 42 956 Ἴ
153 883 302 959 civitatis
321 882 575 965 conjunctionum
605 869 775 946 meditatus
796 889 843 962 et,
871 885 906 946 id
929 887 1014 966 quod
1033 907 1113 969 prae
1134 890 1252 952 ceteris
1354 911 1355 926 ι

25 1069 27 1072 ¹
135 989 228 1055 huc·
247 983 413 1071 pertinetg
436 991 581 1053 notiones
609 991 836 1082 vocabulorum
859 985 1003 1076 πάτρα,
1035 999 1190 1080 apamia
1219 1003 1252 1058 et

158 1086 251 1184 φυλή
280 1099 433 1183 historica
459 1103 494 1160 et
522 1098 745 1181 philosophica
778 1101 903 1164 ratione
931 1109 1158 1166 commentatur
1193 1109 1251 1165 est.

89 1299 91 1304 Ι
158 1207 308 1300 Ceterum
335 1208 440 1288 ipsum
466 1207 692 1289 philosophum
721 1205 773 1272 ex*
791 1210 955 1272 Ciceronis
982 1211 1111 1310 qnidam
1140 1211 1181 1274 de
1211 1231 1251 1274 eo
1354 1235 1355 1238 ¹

130 1367 132 1379 ,
156 1318 263 1378 verbis
283 1315 437 1396 colligere
457 1335 622 1395 possumus
643 1317 683 1378 ad
704 1336 773 1379 rem
792 1319 951 1408 publicam
970 1321 1141 1382 accessisse
1155 1321 1251 1400 eique
1354 1313 1355 1320 ἵ

55 1499 57 1504 A
157 1423 419 1486 administrandae
448 1428 576 1490 strenue
596 1424 797 1502 interfuiss03
826 1445 888 1506 quo
917 1432 1021 1490 autem
1041 1429 1114 1490 loc'o
1135 1433 1168 1490 et
1190 1447 1252 1508 qua
1354 1463 1355 1472 ι

155 1533 280 1595 ratione
301 1531 335 1594 id
354 1531 471 1624 iecerit
498 1551 649 1612 nusquam
669 1534 760 1596 nohis
781 1532 943 1622 proditum
965 1541 1022 1596 est.
1048 1535 1095 1597 he
1117 1535 1251 1599 dirersis

154 1644 267 1705 mortis
295 1641 455 1704 hominnm
482 1644 655 1724 generibus
684 1644 767 1706 sicet
798 1643 838 1704 de
870 1642 996 1706 diverso
1025 1645 1109 1705 vitae
1140 1637 1265 1707 eorum·

136 1753 275 1833 spatio,
297 1751 382 1832 qnod
404 1751 532 1832 quidem
552 1753 712 1834 posterius
732 1754 766 1814 in
788 1758 921 1834 cogneis
935 1751 1111 1815 dicserendi
1125 1753 1252 1816 ratione

156 1857 336 1938 adiunctum
364 1859 463 1921 fnisse
491 1859 703 1938 crediderim,
739 1859 824 1923 idem
855 1860 1067 1922 Dicaearchus
1097 1860 1252 1942 singulari

154 1963 477 2048 libello‘expdsuisse
503 1966 630 2028 videtur
659 1987 790 2046 eamque
817 1975 948 2048 praeter
973 1978 1042 2030 r'em
1070 1975 1251 2032 nostrorum

157 2091 236 2154 quos
257 2073 390 2136 dicimus
410 2076 619 2151 biotomorum
639 2067 866 2136 vetustissimus
882 2073 944 2136 dux
959 2077 1116 2140 exstitisse
1130 2078 1253 2160 conjici

153 2173 290 2241 fortasse
310 2185 426 2261 potest.
476 2180 706 2244 Ardentissimo
728 2185 850 2258 autem,
877 2188 913 2242 ut
928 2183 997 2264 jam
1016 2201 1112 2266 supra
1131 2185 1254 2264 monui,

154 2307 262 2350 amore
291 2289 440 2350 musicem
468 2289 585 2364 ioviase
613 2294 719 2370 neque
747 2309 817 2351 eam
845 2289 945 2352 solum
968 2297 1036 2352 arte
1058 2292 1252 2356 exercitasse

80 2410 82 2416 ’
156 2399 197 2462 de
218 2394 319 2478 eaque
341 2397 541 2478 exsequenda
562 2399 694 2480 ejusque
708 2399 923 2460 intrumentis
931 2399 1153 2484 compluribus
1169 2401 1251 2464 loeis

155 2509 342 2572 enuntiasse
352 2527 389 2569 ac
410 2507 573 2569 nonnullae
592 2504 720 2568 dicendi
734 2508 873 2568 rationes
887 2525 926 2566 ex
939 2523 1046 2569 rerum
1060 2508 1251 2590 musicarum

88 2670 91 2676 a
153 2619 268 2682 linibus
287 2616 474 2697 repetiisse,
495 2613 553 2678 sed
574 2615 669 2676 etium
689 2613 824 2678 fortasse
842 2615 997 2676 rationem
1010 2615 1148 2676 musicae
1162 2633 1259 2680 com·.
1354 2611 1355 2616 ’

124 2791 127 2802 ,
155 2727 299 2807 posuisse
328 2723 380 2784 rel
406 2722 516 2784 seltem
547 2721 588 2784 de
616 2709 743 2784 summis
771 2723 840 2805 ejus
867 2722 1035 2802 principiis
1059 2723 1091 2784 in
1113 2723 1252 2804 epistola

153 2835 195 2896 ad
216 2833 437 2897 Aristoxenum
457 2830 696 2911 scripta-verba
709 2829 831 2893 ‘iecisse
845 2829 1017 2910 colligitur.
1058 2828 1104 2891 Ut
1118 2829 1157 2890 ad
1175 2830 1251 2910 phi-
1325 2879 1336 2896 ,

79 2967 85 3030 4
152 2940 330 3022 losophiam
361 2943 466 3002 autem
495 2937 684 3002 Dicaearchi
715 2942 748 2999 et
780 2937 821 2998 ad
851 2934 1005 3012 modum‚'
1025 2953 1087 3016 quo
1116 2941 1150 2998 et
1178 2955 1251 3001 eam
1354 2957 1355 2964 ³

152 3049 376 3137 philosophiae
402 3051 527 3130 partem
557 3065 637 3127 quaa
667 3045 702 3106 in
729 3045 854 3106 ratione
882 3049 916 3104 ct
944 3061 1012 3104 eam
1034 3061 1115 3123 qnae
1135 3045 1168 3106 in
1188 3047 1250 3108 u'su

152 3161 296 3220 versatur
315 3158 443 3242 firmare
455 3155 599 3232 studuit,
621 3150 759 3231 denique
779 3157 942 3228 revertar,
962 3152 1090 3213 minime
1110 3153 1250 3216 omniurn

153 3266 194 3328 iis
209 3270 379 3330 contentus
400 3265 478 3341 fuit,
501 3279 582 3344 qnae
603 3260 770 3342 cogitando
791 3261 863 3346 ipse
884 3258 1051 3332 eiiecerat3
1072 3258 1129 3320 sed
1151 3261 1249 3323 etiam

97 3399 100 3404 ·
153 3373 286 3434 maxima
313 3371 478 3474 diligentia
505 3369 767 3457 philosophorum
796 3365 851 3447 qui
878 3373 950 3430 ante
977 3367 1081 3446 ipsum
1100 3367 1249 3434 vixerunt
1300 3409 1304 3416 -

153 3481 325 3542 sententias
354 3483 572 3560 perscrutatus
601 3481 652 3540 est
680 3482 714 3537 et
740 3473 885 3556 inprimis
912 3472 1183 3553 Pythagoreorum
1211 3479 1249 3538 et

134 3582 293 3651 'Platonis
313 3588 435 3668 scripta
449 3585 595 3652 studiose
614 3583 778 3647 lectitavit.
811 3581 941 3646 Librum
954 3579 1034 3641 adeo
1056 3581 1249 3660 conscripsit

68 3727 76 3742 a
156 3715 250 3779 quem
270 3712 341 3762 cnm
361 3691 584 3773 philosophiae
603 3690 736 3753 historia
756 3688 988 3776 comparaveris
1009 3691 1043 3749 et
1061 3689 1099 3760 iu
1114 3705 1153 3748 eo
1171 3687 1248 3768 phi-

52 3789 58 3808 ¹
153 3804 305 3885 losophos
325 3800 482 3876 ‘memoria
510 3798 707 3880 dignissimos
723 3880 725 3891 γ
739 3793 910 3858 secundum
941 3811 1073 3858 summes
1102 3794 1247 3875 ipsorum

23 3932 27 3939 ·
110 3987 111 3991 Ἰ
155 3911 326 3976 sententias
338 3898 484 3988 uitaeque
499 3905 611 3968 modos
627 3903 834 3988 pertractavit
853 3903 887 3964 in
907 3919 1011 3982 eoque
1031 3901 1115 3963 inter
1136 3908 1247 3966 cetera

150 4019 305 4084 ‘laudabili
329 4017 453 4102 judicio
473 4017 516 4080 de
536 4015 735 4098 Pythagorae
755 4019 874 4090 morte,
902 4011 944 4074 de
973 4009 1094 4072 tumido
1115 4007 1247 4074 dicendi

155 4145 275 4210 genere
295 4126 328 4188 in
348 4123 486 4186 Platonis
506 4111 652 4200 Phaedro
671 4111 772 4202 idque
792 4120 916 4205 causis,
930 4118 966 4180 ut
986 4115 1138 4208 videtur,¹
1150 4113 1247 4178 simul

156 4221 272 4303 additia
300 4239 333 4297 et
359 4231 604 4314 praecipue-de
631 4234 755 4314 septem
784 4247 863 4310 quoa
883 4227 1031 4292 dixerunt
1048 4223 1247 4306 rapientibus
