2734 4718
93 430 174 526 satis
194 447 362 544 singularis
384 477 423 520 ea
442 459 525 522 ratio
545 462 612 536 est,
643 474 704 536 qua
722 454 934 518 Dicaearchus
962 458 996 516 et
1015 451 1190 536 Euripides

94 573 199 643 solum
226 569 359 635 Aeolum
389 586 461 632 cum
488 566 600 630 liberis
629 583 691 648 pro
726 563 819 646 prola
854 561 998 628 Hellenia
1030 559 1191 646 iudicasse

95 680 314 867 ”ioquin
343 776 504 869 ἐκλήθη
533 797 578 842 τι
604 778 678 844 καὶ
706 773 891 864 ἐκτίσθη.
939 775 1030 840 llanc
1058 776 1192 860 coujun-

94 893 194 974 gcndi
221 894 376 956 rationem
403 891 538 954 forsitan
565 889 679 969 aliquis
706 887 746 949 ad
768 875 919 970 ὕστερον
942 879 1118 967 πρότερον
1138 903 1191 948 rc·

95 1001 169 1062 dire
188 998 326 1074 dixerlt3
353 998 411 1062 sed
439 1016 509 1058 rem
537 997 715 1058 accuratius
742 989 988 1071 consideranter¹
1005 992 1085 1054 nihil
1106 990 1193 1054 aliud

95 1125 192 1186 quam
213 1105 289 1168 duas
309 1103 468 1168 condendi
489 1108 523 1168 et
536 1100 718 1166 nominandi
739 1102 880 1163 actiones
895 1100 1022 1162 Helleni
1035 1100 1098 1162 hoc
1118 1098 1193 1160 loco
1286 1157 1289 1166 ,

95 1213 291 1295 adscriptas,
320 1232 401 1294 quae
428 1214 512 1275 inter
531 1229 575 1273 -ae
603 1229 694 1290 quam
722 1210 855 1270 maxime
876 1209 1066 1301 cohaerent,
1097 1207 1192 1270 etiam

94 1327 229 1383 externo
250 1321 475 1382 sententiarum
488 1317 623 1394 vinculo,
643 1316 809 1398 particulis
830 1333 867 1378 re
890 1321 923 1377 et
940 1318 1001 1376 καί
1014 1316 1106 1396 juxta
1127 1314 1193 1376 col-

95 1428 228 1505 locatio,
255 1430 339 1490 inter
366 1447 402 1490 se
430 1428 605 1489 arctissime
625 1425 788 1506 copulatas
807 1426 994 1506 reperimus.
1043 1424 1201 1486 Ceterum

88 1529 174 1599 ’ἀπό
203 1536 401 1616 praepositio
428 1553 500 1596 cum
520 1523 690 1620 Ἕλληνος
713 1535 825 1616 juncta
852 1531 893 1594 ad
923 1523 1052 1616 ἐκλήθη
1073 1537 1194 1592 tanturn

97 1644 229 1705 verbum
245 1643 388 1723 quadrat,
409 1635 470 1726 ὑφ’
487 1630 658 1726 ’Ἕλληνος
679 1647 783 1702 autem
799 1639 890 1720 -quod
912 1639 952 1700 ad
974 1635 1114 1726 darioiip
1136 1657 1193 1720 ap·

97 1755 176 1835 poni
197 1752 442 1816 desiderabatur
459 1750 499 1826 ci.
515 1749 598 1812 infra
613 1745 677 1832 ὑφ’
691 1737 856 1833 Ἕλληνος
871 1744 1068 1828 circadarum
1090 1741 1192 1821 πόλις

63 1854 65 1858 ’
98 1877 137 1922 τι
159 1861 218 1922 καὶ
239 1849 343 1944 χώρα
363 1861 397 1922 in
416 1876 455 1920 eo
477 1857 569 1920 simul
582 1857 660 1918 latet
680 1874 794 1936 neque,
816 1874 911 1936 quum
932 1855 1088 1918 sententia
1109 1856 1194 1916 omni

98 1966 293 2029 obscuritate
315 1971 437 2029 exemto
457 1965 516 2044 sit,
546 1959 606 2047 ὑφ’
628 1951 790 2050 Ἕλληνος
810 1962 861 2024 vel
883 1955 940 2024 ὑπ’
963 1957 1075 2024 αὐτοῦ
1096 1959 1193 2042 adjici
1237 1984 1242 1990 Α

98 2092 231 2138 necesse
252 2071 323 2136 fuit.
958 2078 963 2082 ’

182 2169 403 2262 άνοίμεσον
428 2169 660 2262 Φαρσάλου
683 2195 729 2262 τι1
747 2169 913 2264 κειμένη
935 2171 1192 2261 salutigeris

97 2271 368 2349 Μελιταιὲιον
400 2275 579 2360 πόλεως.
628 2286 691 2349 llic
721 2283 864 2347 Helladis
893 2285 1039 2364 antiquae
1068 2285 1148 2345 situs
1175 2301 1194 2344 a

96 2393 300 2456 Dicaearcho
321 2395 508 2456 constitutur
528 2393 611 2454 benc
641 2393 789 2473 congruit
809 2411 880 2454 cum
901 2392 1065 2454 Strabonis
1086 2376 1196 2452 narru-

96 2503 187 2563 tione
208 2521 306 2581 supra
326 2502 567 2562 commemorata
589 2499 630 2560 dc
650 2500 819 2562 Pharsaliis
840 2501 1001 2578 sexaginta
1021 2497 1195 2560 stadiorum

97 2609 267 2678 intervallo
296 2628 314 2670 a
345 2628 400 2672 sna
428 2591 509 2670 urhe
538 2609 678 2689 priscum
704 2607 783 2672 illud
811 2607 964 2689 oppidum
986 2606 1196 2668 statuentibus

98 2725 132 2780 et
161 2717 204 2778 de
224 2717 482 2780 Melitaeensibus
508 2716 675 2782 Helladem
705 2722 847 2778 veterem
876 2715 988 2777 decem
1015 2715 1127 2778 stadiis
1155 2714 1193 2778 ab

98 2826 181 2906 ipsis
201 2827 293 2888 sitam
314 2827 413 2888 luisse
433 2826 663 2902 referentibus,
692 2843 867 2904 quanquam
889 2814 1087 2908 οἱνοῖμεσον,
1112 2825 1195 2888 sicut
1217 2807 1221 2814 ⁵

97 2951 176 2996 usus
198 2951 330 3016 quoqne·
345 2935 414 3016 ejus
435 2933 579 2996 vocabuli
599 2933 747 3009 admittit,
767 2951 829 2994 uon
851 2937 997 2994 accurate
1018 2931 1195 3012 urgendum
1217 2993 1220 2997 .

100 3059 173 3102 esse
194 3046 339 3122 apparet.
388 3041 450 3102 Pro
470 3039 542 3102 τῶν
566 3032 789 3113 Meliteion,
819 3037 904 3118 quod
925 3058 944 3100 a
963 3037 1195 3100 recentioribus

100 3165 231 3228 quoque
252 3147 395 3228 omnibus
410 3147 585 3210 editoribus
607 3149 763 3226 integrum
783 3143 931 3208 relictum
952 3131 1011 3225 est,
1031 3167 1102 3208 cum
1117 3145 1196 3210 Vul-

100 3256 192 3318 canio
224 3254 296 3318 τῶν
318 3245 535 3318 Μελιταιέων
564 3254 712 3338 equidem
739 3255 978 3318 rescribendum
1005 3273 1076 3317 esse
1097 3253 1196 3316 duxe-

99 3363 180 3436 rim,
207 3381 302 3442 quum
324 3381 343 3424 a
364 3353 540 3424 Μιλίταια
560 3379 639 3424 voce
659 3381 772 3424 nomen
794 3363 911 3444 gentile
934 3356 1125 3438 Μελιταῖος
1146 3360 1196 3426 ei·

100 3470 233 3532 formari
253 3473 396 3552 poluisse
417 3470 557 3532 dubitem
578 3475 673 3552 atque
694 3472 823 3550 insuper
837 3471 1021 3532 Strabonem
1042 3469 1063 3532 l.
1077 3471 1098 3532 l.
1121 3463 1193 3532 Mb

10 3559 11 3564 ¹
100 3573 243 3651 λιταιεῖς
263 3578 417 3659 pluralem
438 3597 607 3659 usurpasse
628 3578 768 3656 videam,
797 3579 851 3640 ubi
882 3579 944 3640 duo
972 3579 1101 3642 codices
1122 3578 1194 3640 Per.

101 3691 135 3746 et
154 3686 256 3747 Mosc.
279 3679 471 3761 Μιλιτειῑς,
499 3685 632 3746 formam
645 3685 693 3760 ob
715 3685 938 3766 pronuntiandi
958 3685 1194 3748 similitudinem
1246 3756 1247 3762 ἵ

10 3789 11 3792 ’
102 3811 121 3854 a
140 3793 279 3854 librarii
301 3793 486 3854 dictantium
505 3793 602 3854 verba
623 3795 853 3874 excipientibus
874 3794 1022 3870 effictam,
1043 3794 1195 3855 exhibere
1296 3875 1301 3886 „

10 3911 11 3920 ’
103 3905 198 3980 alque
218 3900 369 3980 Polybius
398 3907 431 3962 et
451 3900 629 3980 Stephanus
649 3901 733 3962 idem
754 3900 831 3962 illud
852 3919 966 3962 nomen
988 3891 1196 3975 Μελιταιεύς

10 4077 11 4080 ¹
103 4007 135 4068 ln
157 4027 246 4070 usum
268 3995 643 4072 vocavisse'adnoaantnr.
685 4007 798 4088 Neque
819 4008 890 4070 loco
912 4009 966 4088 qui
980 4008 1064 4070 infra
1076 4008 1195 4089 legitur
1237 4082 1240 4086 ,

104 4114 242 4178 dubitari
271 4122 378 4197 polest
406 4117 481 4196 quin
507 4133 568 4198 pro
596 4117 719 4199 uulgata
739 4115 884 4192 codicum
905 4107 1201 4216 scripturalium,

105 4225 195 4300 rico,
229 4241 320 4302 quam
341 4223 521 4304 Stephanus
550 4225 582 4288 in
604 4229 751 4318 contestu
773 4223 907 4305 protulit
935 4241 1089 4320 quamque
1110 4223 1194 4303 apud
