2734 4718
471 294 842 374 -429-

114 515 177 560 ucu
208 493 339 558 licuerit
365 495 467 576 ipsum
497 493 680 575 opusculum
699 495 767 577 jam
787 491 1065 556 considerantibus.
1107 488 1198 568 Quod

114 606 209 668 etiam
230 603 356 685 granim
377 608 436 674 est,
457 601 596 666 nonnulli
616 603 676 664 viri
698 603 784 664 docti
807 609 842 664 ut
854 601 994 664 Murrius
1015 605 1047 662 et
1061 599 1200 660 Osanuus

113 713 306 792 scriptorem
326 711 387 772 sibl
408 711 470 791 ipsi
488 729 667 792 repugnare
688 708 981 789 animadverterunt,
1003 709 1123 788 quippe
1145 707 1201 786 qui
1229 740 1231 744 ·

113 820 208 900 paulo
235 820 320 882 inira
346 837 382 882 se
411 838 448 880 ea
477 837 556 898 quae
577 819 615 880 ab
646 818 873 898 antiquioribus
900 815 1079 878 auctoribus
1099 814 1200 876 fusius
1261 813 1263 819 “

113 927 258 1006 exposita
279 930 384 988 emeat
405 945 495 1005 quam
525 924 709 1013 brevissime
730 925 871 988 versibus
891 925 1010 986 inclusa
1029 923 1201 984 relaturum

113 1050 184 1094 esse
206 1033 341 1096 diceret.
382 1031 446 1095 Sed
467 1051 528 1094 uon
552 1025 671 1107 dubito,
693 1033 767 1111 quin
788 1049 825 1092 ea
839 1031 1046 1112 repugnantia
1066 1030 1111 1090 ita
1130 1027 1200 1088 tolli

112 1141 230 1219 possit,
250 1147 286 1200 ut
305 1140 495 1220 scriptorem
516 1140 557 1201 de
578 1139 727 1220 singulari
746 1159 803 1200 sna
823 1140 945 1202 ratione
964 1137 1061 1198 verba
1079 1135 1200 1197 fecicu-

111 1255 176 1308 tem
204 1253 372 1311 statuamus
404 1248 444 1310 de
465 1249 597 1310 metrica
617 1249 736 1323 torma,
763 1250 796 1310 in
817 1245 1013 1328 compendiis
1031 1245 1100 1326 eJus
1120 1251 1197 1304 tem·

112 1357 202 1435 poris
234 1355 368 1458 fortasse
400 1375 510 1436 parum
541 1356 670 1431 usitata,
699 1356 870 1435 cogitasse,
900 1355 1021 1416 etiarnsi
1050 1352 1084 1413 ld
1114 1351 1198 1433 qncd
1295 1389 1299 1396 ·

113 1460 255 1524 Osannus
274 1481 468 1543 magnopere
489 1463 623 1542 urgebat
636 1461 790 1532 concedo,
810 1461 872 1526 hoc
893 1462 996 1542 ipsum
1016 1459 1055 1522 ab
1069 1465 1199 1554 auctore

30 1645 35 1657 .
112 1570 224 1649 primis
245 1569 386 1631 versibus
406 1587 468 1630 nou
489 1569 582 1648 plane
596 1569 800 1650 perspicuum
820 1567 979 1629 redditum
994 1585 1072 1630 esse.
1115 1566 1199 1630 Dcd·

111 1676 204 1739 welto
234 1695 310 1737 uero
338 1696 398 1738 nou
420 1683 527 1738 metuo
555 1694 596 1737 ue
626 1677 695 1755 quis
717 1678 892 1756 etiamnunc
913 1677 1116 1751 assentiatur,
1143 1675 1198 1756 qul

110 1783 357 1860 Dicaearchum,
389 1785 440 1846 cui
461 1785 543 1844 sicut
564 1783 692 1862 plurimi
719 1783 779 1844 uirl
802 1782 887 1844 docti
913 1783 1055 1864 priorum
1076 1789 1199 1862 tempo-

110 1907 181 1950 rum
202 1889 411 1972 fragmentum
432 1889 613 1952 adscribere
634 1908 695 1950 non
716 1889 883 1964 dubitavit,
912 1907 980 1950 eam
1008 1889 1047 1950 cb
1075 1905 1198 1950 causam

110 1998 174 2060 boc
202 2017 282 2079 opus
312 1999 469 2081 singulare
507 1997 623 2060 dixisse
653 1997 792 2073 censuit,
826 1998 910 2077 quod
946 1995 1198 2078 Peloponnesum

111 2085 227 2166 eximio
253 2104 357 2168 studio
384 2107 581 2166 tractavisset
607 2121 739 2185 eamque
765 2102 844 2166 adeo
874 2086 1058 2185 permensus
1076 2104 1198 2181 fuisset,

113 2231 205 2292 quarn
228 2211 357 2274 adrem
378 2230 487 2274 uersus
508 2210 549 2271 15
569 2231 614 2292 sq.
635 2200 658 2270 ἅ
688 2208 722 2274 τ’
751 2207 843 2274 ἐστὶν
872 2209 909 2274 ἐν
941 2198 1216 2294 Πελοποννήσῳ.

111 2312 189 2406 γένῃ
212 2340 241 2382 κ.
263 2341 291 2382 τ.
313 2313 344 2379 λ.
373 2322 579 2401 pertinerent.
620 2320 703 2400 Quid
725 2319 844 2382 mullei
872 2321 973 2382 tristis
1001 2321 1198 2402 singularitas

111 2435 181 2503 cst,
210 2429 355 2508 inprimis
375 2428 401 2488 si
423 2427 582 2503 uidemus,
612 2427 768 2508 quomodo
789 2434 899 2490 auctor
927 2429 1119 2509 apromissc
1140 2447 1198 2490 suo

110 2537 253 2612 steterit,
274 2555 378 2615 neque
397 2535 623 2598 Dicaearchum
644 2535 853 2615 crediderim,
880 2535 932 2598 iac
952 2538 1073 2617 primus
1092 2538 1198 2618 poent-

111 2662 182 2704 cum
204 2642 418 2724 geographiae
439 2620 890 2723 compendium‘elaoomset,
912 2663 950 2704 ee
970 2661 1006 2704 re
1028 2645 1082 2705 tali
1102 2643 1196 2706 modo
1286 2641 1288 2648 ’

110 2749 318 2829 gloriaturum
338 2749 454 2826 luisse,
475 2751 595 2812 etiamst
615 2750 816 2812 Duttruaunur
838 2751 892 2830 qni
912 2751 986 2812 talia
1006 2751 1197 2833 aggredere·

110 2864 165 2918 tur
185 2877 257 2921 eum
271 2864 377 2920 nostra
398 2857 603 2920 admiratione
626 2857 752 2939 dignum
775 2877 843 2920 esse
864 2858 1071 2920 contenderit
1088 2857 1097 2880 '
1113 2861 1196 2938 Qua·
1288 2855 1289 2859 ’

109 2965 150 3026 lis
182 2963 298 3026 deinde
324 2965 363 3026 ad
390 2964 644 3046 Theophrastum
672 2965 867 3042 adhortatio,
893 2972 929 3027 ut
958 2965 1051 3051 hujus
1078 2967 1197 3046 operis,

110 3071 280 3132 miserrimi
300 3072 508 3152 geographici
521 3071 711 3152 compendii,
729 3073 834 3146 studic
855 3091 925 3134 sese
945 3074 1071 3154 penitus
1091 3071 1196 3151 dedat,
1243 3125 1245 3131 ,

111 3197 214 3259 eaque
243 3181 385 3260 qualibus
421 3187 455 3240 et
489 3181 611 3259 quantis
641 3180 745 3240 verbis
774 3181 857 3242 facta
884 3171 940 3241 διὸ
970 3169 1116 3264 σεαυτὸν
1147 3172 1194 3265 μὴ

110 3280 242 3368 βραχύ,
272 3282 469 3368 ὁλοσχερῶς
496 3282 531 3347 δ’
562 3283 619 3348 ἐπὶ
646 3292 756 3347 ταῦτα
785 3278 867 3360 bobr
897 3288 957 3350 καὶ
984 3267 1195 3362 amonicione

112 3384 446 3483 συμφιλομάθησον,
476 3387 637 3476 καθάπερ
669 3385 799 3468 εἴωθας
824 3399 948 3456 ποιεῖν.
1000 3397 1107 3475 Quae,
1135 3396 1197 3460 uisl

110 3519 186 3566 nero
208 3504 316 3584 jocose
342 3501 480 3564 locutum
501 3500 600 3562 fnisse
620 3503 783 3562 statuimus
812 3502 955 3584 sibiipsi
977 3504 1016 3566 ob
1038 3505 1196 3566 levitatem

8 3659 9 3662 ,
110 3609 251 3671 coniecti
273 3608 417 3690 opusculi
430 3607 626 3684 irridentem,
647 3608 872 3672 Dicaearchum
892 3609 1040 3690 proferre
1054 3631 1116 3676 ucn
1136 3631 1193 3696 po·

110 3717 208 3780 tuisse
235 3717 439 3798 perspicuum
467 3722 526 3776 est.
573 3716 803 3797 Ducerptorem
831 3723 935 3780 antem
964 3719 1097 3784 credere
1118 3722 1195 3784 licet

110 3827 201 3890 iultlo
231 3845 306 3887 suae
327 3826 482 3906 epitomes
508 3843 564 3886 sua
584 3826 799 3907 singularitate
824 3828 869 3890 ita
895 3828 1061 3910 glcrlatum
1087 3830 1195 3910 fuisse,

111 3937 233 3998 etiamsi
260 3933 339 3996 nibil
366 3933 450 3996 aliud
473 3933 587 3996 deinde
619 3954 711 4014 qnam
739 3935 1003 4016 negligentissime
1024 3941 1193 4019 excerpsit,

110 4043 160 4104 vel
190 4045 283 4104 etlam
313 4039 391 4102 baec
419 4041 564 4102 nonnulla
591 4059 629 4102 cx
659 4043 823 4121 prooemio
852 4045 959 4124 operis
987 4031 1192 4110 Dicaearchei

110 4151 240 4229 genuini
259 4149 447 4228 repetiisse,
467 4165 577 4228 parum
598 4147 863 4224 considerantem,
883 4170 955 4213 num
976 4152 1049 4214 talia
1069 4171 1125 4214 sno
1146 4156 1191 4218 la·
1222 4161 1226 4170 “

111 4257 182 4320 bori
214 4257 424 4320 convenirent
478 4255 672 4318 Drnditiouia
696 4274 772 4320 vero
803 4275 863 4336 qua
885 4259 1084 4322 Buttmanuus
1100 4261 1190 4348 irog-
