2720 4722
485 241 856 328 *299*-

129 451 195 499 rom
215 433 249 498 in
268 435 365 500 textis
385 433 570 500 exhibentes
591 442 625 500 et
644 437 768 504 uousisi
789 437 973 504 sinotrntes
994 428 1218 518 ἑξαλταττὲοτ

130 530 212 620 ἴσως
232 531 296 606 τὸν
316 533 539 629 (σύνδεσμον)
559 534 614 610 δέ.
662 545 731 610 ium
750 545 901 622 eudenior
920 546 1061 613 Mtrx'ius
1081 568 1121 616 ex
1141 567 1218 624 eou-

129 655 216 716 tertu
237 652 336 735 ejecit
356 669 492 734 eumque
510 653 714 720 Buttmtuuus
734 659 862 718 seeutus
888 660 946 722 est.
997 655 1118 722 Griliuu
1142 665 1218 734 ταῖς

129 753 167 826 di
187 756 358 852 ἀθληταῖς
386 765 484 834 verbs
509 771 623 859 utpote
649 767 758 852 spurio
782 767 873 830 nouis
892 766 1020 830 inclusit
1038 767 1218 850 morginoii-

130 889 191 953 qne
212 871 425 938 additamento
445 873 615 942 tribuendo
636 892 706 940 esse
727 875 882 962 conjecit,
918 893 982 956 quo
1012 877 1083 956 quis
1096 865 1153 939 ’τὰ
1179 871 1218 940 ir

127 985 196 1054 τοῖς
228 987 397 1070 γυμνικοῖς
426 977 541 1064 ἀγῶσι
572 970 742 1071 γενόμενα
772 972 864 1067 πρὸς
885 972 1030 1058 ¹csu‘noriq
1058 981 1219 1048 'l'bebrnir

128 1088 251 1170 quippe
269 1088 400 1153 otbtetis
419 1088 493 1154 deri
512 1089 743 1172 otguidesturur
762 1087 877 1156 inisset
896 1096 992 1174 etque
1014 1090 1220 1172 quseiiiere-

123 1196 242 1260 srobur
262 1194 363 1262 inetur
384 1198 583 1284 exposuisset
602 1215 664 1264 uun
684 1197 783 1266 uerbo
802 1197 982 1264 morcourt
1023 1199 1122 1278 Quom
1147 1199 1219 1280 opt·

125 1303 252 1386 tionem
281 1303 423 1370 (isarnus
453 1323 630 1387 quenquam
658 1323 730 1395 nou
750 1305 989 1390 improbrbilem
1020 1307 1220 1385 existimeris,

125 1416 290 1492 prrestsre
309 1417 413 1474 tomen
434 1413 569 1478 iortnrse
589 1412 809 1480 enimrdrertit
824 1405 864 1478 δέ
877 1414 1131 1500 conjunctionem
1145 1431 1219 1478 eum

124 1517 288 1599 Stepbsno
308 1520 341 1582 in
362 1518 491 1584 exilium
511 1520 653 1604 obigere.
701 1521 815 1608 Neque
844 1520 993 1604 equidem
1020 1519 1076 1582 ubi
1095 1510 1219 1582 leniore

125 1627 239 1692 sdrnot
265 1628 473 1696 medicentur
499 1627 540 1694 sd
566 1629 713 1712 grrvlors
739 1627 895 1712 refugium
923 1633 956 1690 et
974 1629 1074 1709 mogis
1095 1645 1219 1709 supere,

124 1755 231 1817 utque
258 1742 334 1812 τοῖς
364 1728 538 1826 ἀθληταῖς
566 1740 681 1821 utpote
709 1735 871 1820 superitur
904 1733 1085 1800 otuoutorro
1113 1733 1218 1822 edbue

125 1843 205 1909 mibi
224 1841 444 1924 persuadeam.
477 1838 558 1909 'Pro
579 1833 625 1906 τὰ
645 1833 813 1927 γενόμενα
834 1837 1003 1906 Volosnins
1022 1839 1132 1922 tegere
1152 1859 1219 1906 mt-

124 1949 184 2014 lnit
204 1938 253 2014 τοὶ
272 1943 460 2035 γινόμενα,
489 1969 551 2035 qur
572 1948 790 2025 correctione,
825 1966 917 2028 quom
938 1946 1069 2012 eundem
1090 1967 1109 2010 o
1127 1947 1220 2012 nott·

125 2073 238 2120 monuo
259 2057 410 2126 sdseitum
433 2073 503 2120 este
529 2055 642 2134 rideo,
679 2054 756 2136 quid
786 2053 826 2118 ud
853 2055 919 2120 loni
949 2073 1073 2118 sensum
1098 2057 1219 2126 rentius

127 2165 332 2230 eiiieieudum
352 2165 531 2241 tueremur,
551 2182 614 2230 unu
633 2162 816 2248 perspicior
845 2163 985 2242 quinimo
1006 2181 1075 2224 erm
1094 2164 1128 2228 in
1147 2181 1219 2228 seu·

124 2275 256 2337 tentiam
279 2291 371 2354 quum
392 2272 595 2338 Buttmannus
624 2272 657 2338 iu
686 2271 769 2338 nurui
797 2271 859 2334 boo
887 2271 959 2334 tono
980 2271 1084 2346 inesse
1102 2272 1225 2334 merito

124 2381 298 2444 arbitretur
324 2379 435 2444 eoristi
463 2379 667 2460 perticipium
696 2377 791 2444 etium
818 2377 931 2442 metior
951 2377 1126 2444 rehabere
1147 2397 1220 2442 ere-

124 2487 263 2553 diderim
294 2487 467 2571 perticipio
486 2485 689 2568 proesentis.
746 2483 860 2564 Neque
896 2484 1001 2550 eidem
1031 2486 1218 2550 liuttmrnuo

124 2575 301 2678 sdstipuier
323 2585 452 2668 αὐτούς
472 2595 506 2656 in
527 2586 656 2668 αὐτούς
683 2594 903 2673 commutanti,
934 2595 1008 2675 quis
1037 2583 1127 2678 πρὸς
1156 2587 1218 2658 αὐ·

46 2705 49 2712 ’
125 2690 205 2774 τούς
226 2681 290 2764 unu
310 2701 350 2764 ud
371 2699 508 2765 ttbletos
528 2699 731 2768 referendum
754 2704 840 2780 esse,
859 2700 919 2764 sed
939 2702 983 2766 ito
1004 2706 1040 2764 ut
1060 2707 1114 2762 snt
1132 2699 1222 2784 opud

125 2829 178 2872 eos
197 2815 252 2872 out
272 2817 382 2876 eurum
402 2828 454 2874 eus
474 2809 633 2890 significet
661 2807 701 2868 od
723 2808 891 2872 Tbebsuos
918 2810 1083 2892 pertinere
1111 2807 1219 2874 eredi-

125 2917 238 2980 derim.
279 2916 505 2982 Libentissime
533 2921 637 2978 temen
665 2917 698 2978 in
726 2934 765 2976 eo
787 2934 857 2976 oum
876 2906 1066 2981 'nortmanno
1087 2907 1219 2982 'ooooen-
1293 2941 1295 2950 ¹

124 3027 188 3103 tio,
228 3023 313 3106 qnod
342 3015 555 3110 μεταφέρειν
575 3041 668 3088 sensu
688 3023 901 3086 troneiereudi
921 3025 1148 3107 interpretetur
1169 3027 1219 3084 est

124 3133 286 3196 contrario
313 3131 410 3214 plene
440 3151 459 3194 r
486 3131 648 3215 prioribus
676 3131 905 3216 interpretibus
933 3129 1046 3208 modo,
1085 3145 1219 3210 quorum

123 3239 320 3324 Stepbounm
348 3246 381 3302 et
401 3239 538 3304 Goiiium
568 3237 738 3306 differendi
767 3239 996 3322 significatione
1023 3237 1218 3304 intellexiste

126 3353 160 3412 et
188 3348 287 3410 verbo
317 3339 364 3420 τίς
391 3335 450 3417 τὴν
480 3337 721 3428 δικαιολογίαν
747 3335 1004 3432 μεταφέροντες
1031 3345 1107 3432 sutis
1136 3345 1219 3408 mire

124 3456 170 3522 its
189 3453 372 3518 reddidisse
389 3452 500 3516 videor
520 3455 554 3518 ιιι
573 3452 611 3518 ι’ιί
627 3454 773 3535 rejiciunt
792 3461 914 3536 tempus
933 3472 992 3539 qun
1005 3438 1063 3536 juo
1080 3451 1219 3520 reddero

124 3567 362 3632 marmorum.
397 3560 510 3641 Neque
527 3559 566 3624 in¹
580 3561 725 3626 versione
739 3559 951 3642 Stephanium
971 3561 1116 3644 approbo
1132 3557 1218 3642 quod

123 3660 170 3731 ταὶ
191 3667 294 3745 βίαια
315 3658 487 3750 γενόμενα
507 3665 547 3730 od
568 3667 729 3732 universos
749 3667 881 3753 injurius
909 3660 1013 3750 nequo
1043 3685 1137 3745 reru,
1170 3667 1219 3734 ott

124 3785 262 3862 propter
282 3777 508 3846 sententiarum
528 3793 703 3842 connexum
724 3782 758 3844 et
776 3775 945 3840 vorborum
965 3777 1107 3862 ipsorum
1121 3773 1219 3855 siqni-

121 3879 304 3952 iieutionem
326 3885 451 3963 debuit,
487 3884 529 3948 ed
556 3885 671 3948 isotsm
701 3883 879 3950 violentum
906 3885 1027 3950 retulit.
1075 3881 1218 3947 Murrius

121 3994 264 4074 ,denique
291 3995 472 4058 nourentire
497 3975 624 4058 ridetur
652 4012 723 4056 eum
743 3993 800 4060 Eu.
821 3993 1015 4078 Sprobemio
1035 4009 1128 4071 quem
1148 3987 1218 4052 iru-
1324 3991 1328 4064 ζ

123 4103 178 4166 det
199 4103 240 4165 sd
260 4103 321 4171 iul.
349 4108 429 4166 oret
449 4101 537 4184 Lips.
560 4099 651 4162 tutu.
671 4101 702 4179 1,
731 4121 764 4183 p.
786 4100 848 4166 124
875 4106 1015 4162 nostrum
1041 4098 1144 4158 tonum
1171 4097 1217 4161 itt
1289 4153 1291 4160 ,

123 4209 352 4294 interpretetur
391 4229 506 4292 „quie
520 4211 552 4276 iu
581 4209 735 4294 grooten
763 4207 914 4292 erunibus
941 4205 1026 4308 opud
1055 4204 1216 4271 coruunt
