2728 4720
474 273 582 337 '---
631 265 856 346 443*-

122 459 213 554 het).
254 461 324 530 tta.
347 455 527 538 Μόκονος·
548 453 640 552 μετὰ
656 453 785 551 ταύτην
807 454 921 550 Tqivo'g
941 457 1012 529 ἐστι
1026 465 1088 530 καὶ
1101 455 1213 554 λιμήν.

97 634 100 644 .
123 575 176 639 51.
197 564 311 662 Ἰθάκη
334 562 373 636 δὲ
395 572 549 652 uranium
566 562 786 658 ὁγδοήκοντα
801 562 913 660 στενή,
936 575 987 636 vel
1007 576 1034 636 si
1048 574 1216 639 verboram

123 699 276 745 caesurae
296 699 368 743 cum
389 680 589 762 dipodiarum
609 681 723 744 fiuihus
744 687 920 762 congruunt
940 688 977 744 ut
996 700 1040 773 ιι.
1061 682 1112 744 57.
1136 675 1214 746 ἐσθ’

124 789 145 852 ὀ
175 782 389 873 παράπλους
418 783 547 874 αὐτῆς·
576 780 690 870 ἔχεται
719 786 752 850 δ’
784 785 956 852 Αἰτωλία.
1001 809 1045 870 vs.
1073 789 1125 852 83.
1156 789 1217 881 τῆς

127 894 290 970 Φωκίδος
308 888 430 981 χώρας
451 885 542 977 πρὸς
563 884 621 960 ἕω.
651 889 686 960 κ’
708 887 799 958 ἔστιν
821 890 897 958 δύο.
938 915 982 958 vs.
1003 896 1055 958 84.
1077 892 1214 986 ἐπίσημ’

126 997 210 1094 ὄρη·
232 995 273 1068 τὸ
293 995 355 1092 μὲν
375 993 520 1068 Ἑλικών
540 995 766 1091 καλούμενον.
808 1004 957 1067 Ceterum
972 1025 1033 1067 nou
1048 1012 1136 1068 vacat
1150 1023 1218 1068 om·
1287 1065 1292 1088 Ι,

124 1113 176 1174 ula
208 1111 338 1174 duritiei
360 1129 494 1193 genera,
523 1112 636 1192 quihus
664 1113 796 1174 metrica
821 1113 920 1174 nostri
946 1111 1114 1193 fragmenti
1134 1113 1218 1174 ratio

123 1219 267 1299 laborat,
294 1239 495 1298 enumerare,
525 1239 619 1301 quum
646 1240 772 1297 uersos,
799 1220 975 1304 cujusmodi
1004 1223 1056 1283 hic
1087 1226 1135 1284 est
1155 1206 1218 1284 14⁰

123 1325 245 1411 Δῆλος
274 1318 351 1411 ἱερὰ
380 1329 485 1416 νῆσος
513 1315 681 1414 λεγομένη
712 1331 769 1392 καὶ
798 1319 900 1417 λιμήν
929 1350 948 1392 a
974 1331 1098 1395 nemine
1119 1329 1217 1394 facile

124 1453 186 1518 pro
208 1435 345 1517 eleganti
366 1436 508 1513 habitus,
528 1436 775 1516 frequentissimi
795 1437 867 1499 sint.
973 1437 978 1456 '

207 1545 290 1608 Num
310 1545 410 1628 hojua·
425 1546 593 1630 fragmenti
614 1552 724 1608 auctor
744 1546 872 1627 Scymni
887 1545 978 1624 chii,
1001 1564 1082 1626 quae
1102 1563 1218 1626 super-

125 1657 176 1716 co
197 1659 230 1714 ei
245 1671 326 1733 qnae
348 1653 459 1714 eadem
479 1654 614 1716 fortasse
634 1655 772 1734 prosaici
786 1634 1071 1735 cujusdam'operis
1085 1655 1219 1716 metrica

124 1763 273 1824 tractatio
294 1767 359 1839 est,
380 1763 606 1844 geographiam
627 1767 698 1822 ante
728 1762 836 1823 oculos
856 1763 1021 1838 hahuerit,
1050 1768 1140 1824 certo
1161 1761 1219 1824 tle·

124 1870 211 1932 liniri
231 1889 293 1932 non
315 1878 439 1952 poteat3
461 1878 531 1932 sunt
553 1867 703 1950 quaedam
717 1871 887 1949 utrobique
907 1871 969 1933 sihi
989 1871 1113 1948 similia,
1133 1872 1219 1932 sicut
1278 1887 1282 1894 ·

126 1994 209 2058 quae
224 1979 271 2040 rde
291 1983 443 2042 metricae
463 1981 584 2042 formae
605 1979 739 2041 utilitate
754 1977 951 2040 disseruntur
973 1985 1006 2040 et
1025 1980 1221 2062 singulorum

127 2103 209 2166 quae
229 2087 262 2148 in
277 2103 377 2168 opere
391 2087 554 2150 tractanda
575 2091 643 2148 aunt
655 2085 924 2150 recensendorum
938 2088 1037 2162 ratio;
1059 2087 1115 2150 sed
1131 2085 1219 2169 aputl

126 2193 293 2274 Scymnum
316 2198 418 2260 omnia
432 2200 580 2256 accurate
599 2211 633 2255 ae
651 2193 739 2272 fuse,
760 2194 845 2274 apud
866 2203 1007 2257 nostrum
1027 2195 1219 2276 scriptorem

129 2319 222 2382 quam
242 2301 427 2364 brevissime
449 2303 593 2383 exposita
614 2307 690 2364 sunt.
731 2303 878 2377 Phileae,
902 2305 956 2383 qui
977 2303 1032 2365 uhi
1055 2303 1095 2365 de
1116 2303 1219 2366 Grae·

127 2410 197 2472 alae
216 2409 331 2472 fluibus
361 2429 465 2472 sermo
488 2417 537 2472 est
557 2417 835 2488 commemoratur,-
857 2413 1000 2474 notitiam
1021 2399 1159 2494 scriptor
1179 2427 1220 2500 οι

126 2517 277 2603 ampliori
298 2519 484 2581 Dicaearchi
513 2537 614 2600 opere
629 2520 798 2601 repetiisse
818 2518 945 2581 videtur
965 2539 1070 2600 neque
1091 2521 1219 2583 omniuo

126 2624 259 2690 necesse
279 2633 332 2690 cst
349 2633 489 2691 nostrum
505 2633 661 2690 auctorem
683 2618 865 2689 censeamus
879 2633 1010 2708 praeter
1027 2627 1142 2690 librum
1163 2645 1219 2691 ex·

127 2725 326 2817 carpendam
346 2737 415 2799 allis
430 2754 556 2816 quoquc
577 2735 701 2816 scriptis
721 2735 934 2812 neminisse,
955 2737 1099 2820 inprimis
1122 2753 1218 2817 quum

58 2877 61 2886 ·
126 2844 201 2906 talis
228 2843 325 2906 studii
355 2844 474 2904 nullum
501 2843 573 2904 lere
597 2841 681 2906 'aliud
707 2843 874 2923 vestigium
895 2842 987 2904 adsit.
1028 2843 1096 2904 Nec
1117 2833 1219 2910 minna

127 2950 214 3031 apud
235 2951 402 3030 Scymnnm
424 2969 463 3012 ex
484 2969 585 3032 opere
605 2957 751 3032 excerpto
773 2949 983 3029 repetendum
1011 2949 1111 3010 fuerit
1132 2949 1219 3030 quod

127 3065 276 3122 auctores
297 3059 506 3140 geographici
526 3059 577 3120 vel
590 3057 728 3120 historici
743 3059 958 3138 compluribus
979 3059 1059 3121 locis
1080 3057 1220 3118 afferun-

127 3173 184 3230 tur
215 3167 257 3230 ci.
285 3185 330 3230 vs.
357 3165 431 3228 809.
463 3157 900 3254 Θιόιτομιτιςάναγράφει
931 3155 970 3228 δὲ
1002 3159 1128 3253 ταύτης
1156 3153 1218 3252 τῂν

129 3263 240 3340 θέσιν.
268 3273 341 3337 411.
364 3263 412 3348 ὠς
434 3287 523 3358 φασι
545 3267 578 3334 T
576 3267 686 3357 ίμωός
712 3291 749 3336 τι
771 3275 831 3336 καὶ
849 3261 1116 3360 Ἐρατοσθένης.
1144 3273 1218 3339 545.

123 3375 278 3468 Ἔφορος
300 3375 443 3470 εἴρηκεν.
485 3381 557 3444 ιἰ64.
585 3370 773 3464 Ἡρόδοτος
794 3379 929 3466 ἱστορεῖ
947 3371 986 3444 δὲ
1007 3364 1118 3448 τάῦτα
1141 3398 1218 3466 oop-

129 3483 291 3575 γράφων.
332 3491 405 3553 alo.
432 3481 517 3554 ἔνιοι
546 3479 585 3551 δὲ
604 3489 750 3570 Λοκρῶν
781 3490 872 3570 φασὶ
893 3487 965 3554 τῶν
992 3483 1028 3551 ὲν
1047 3481 1217 3566 Ὀζόλαις.

130 3597 210 3662 Gom
232 3599 372 3679 Scylacis
400 3603 503 3660 autem
532 3596 652 3676 periplo
679 3597 835 3658 nonnullis
862 3597 941 3658 locis
963 3615 1131 3658 consensus
1152 3597 1219 3659 cvl·

130 3705 332 3770 (lautissimus
360 3713 469 3768 nostro
490 3707 658 3786 fragmento
679 3706 868 3782 intercedit,
898 3713 934 3768 ut
954 3707 1035 3768 alter
1056 3707 1094 3769 ah
1114 3707 1218 3768 altero

129 3813 164 3878 iu
191 3833 281 3876 usum
311 3821 440 3878 vocatus
466 3814 566 3876 fuisse
591 3818 641 3874 aut
671 3797 807 3892 uterque
839 3829 878 3876 ea
905 3833 966 3875 uno
994 3812 1107 3876 eodem
1127 3812 1239 3876 lente¹

130 3917 274 3985 hausisse
294 3921 448 3985 videatur.
491 3905 889 4004 Quodaccurataqduorum
911 3923 1103 4002 scriptorum
1126 3937 1218 4000 quam
1336 3973 1337 3976 ,

130 4029 227 4091 etlam
255 4035 329 4110 post
350 4029 506 4092 Osannum
534 4035 567 4091 ei
582 4027 797 4092 Buttmannum
825 4030 878 4092 hic
909 4031 1068 4092 instituam
1089 4044 1218 4108 compa·
1335 4079 1336 4083 ,

129 4138 255 4200 ratione
283 4138 367 4200 lacta
385 4138 461 4198 satis
482 4137 652 4217 apparebit.
703 4137 782 4198 (ium
808 4154 852 4198 vs.
872 4135 924 4198 24.
945 4153 1015 4215 sqq.
1035 4135 1089 4196 hio
1110 4135 1219 4220 Scyla-
1334 4143 1335 4176 ³

131 4245 179 4310 cla
199 4244 289 4310 locus
303 4242 514 4310 conferendus
535 4242 682 4328 estapurl
698 4243 835 4312 Gallium
856 4243 887 4323 1,
907 4261 940 4329 p.
960 4241 1040 4308 ὅθι
1062 4231 1217 4329 ilerd&
1332 4249 1334 4338 f
