2728 4720
524 304 896 383 *486*-

166 521 204 566 ea
225 503 438 585 appellatione
458 507 720 566 commemoratae
741 507 831 580 snut,
859 519 898 566 ex
919 501 1090 582 untiqulnrl
1111 503 1180 566 aine
1203 503 1262 566 du·

163 613 217 676 bio
238 619 340 674 aetate
361 614 534 694 repetitum
556 618 617 690 est,
651 631 746 694 quum
768 613 957 692 posteriori,
985 613 1068 673 sicut
1088 612 1259 691 Herodoti,

164 719 362 801 Thucydidis
382 728 416 781 et
429 721 658 801 Xenophontis,
679 739 717 781 ca
738 721 969 800 cognominatio
987 739 1049 780 nou
1066 720 1134 802 jam
1154 721 1262 783 locum

164 825 311 890 habuisse
340 829 494 890 videatur.
546 828 706 908 Singulari
739 835 842 889 autem
871 827 1096 907 cephalleniae
1133 830 1262 890 nomine

164 937 258 1003 etiam
280 938 453 1020 posteriori
473 944 619 1017 tempore
640 937 732 998 Seme
754 956 779 1000 s.
802 929 913 998 Sam'oa
933 937 1106 1008 secundum
1128 936 1262 998 Strabo-

163 1021 235 1112 nem
251 1045 378 1130 quidem
392 1047 539 1128 insignita
553 1045 625 1121 iuit,
639 1047 683 1107 ita
698 1051 743 1122 ul,
758 1045 784 1106 si
800 1047 870 1125 quis
886 1065 924 1106 eo
939 1045 1159 1107 offenderetur
1174 1046 1263 1126 qood

163 1153 248 1234 apud
270 1162 409 1216 nostrum
431 1173 469 1216 ει
483 1155 653 1218 insularum
662 1153 890 1234 Cephallenum
911 1173 1042 1215 numero
1062 1153 1171 1214 ithaca
1193 1153 1264 1216 sola

164 1261 283 1324 diserte
311 1269 520 1341 memoratur,
550 1271 660 1326 nostro
687 1278 779 1324 versu
801 1281 862 1324 nou
885 1262 1025 1324 diilicilis
1046 1262 1131 1324 foret
1153 1279 1264 1323 emcn-

41 1387 52 1403 ‘
164 1371 249 1434 datio
277 1371 381 1458 νῆσος
408 1363 654 1460 Κεφαλλήνων
686 1366 717 1434 δ’
750 1367 787 1433 έν
810 1368 910 1453 αὐτῷ
932 1361 1069 1496 κειμένη
1092 1371 1134 1432 ci.
1156 1371 1263 1435 Strab

161 1483 210 1561 X,
231 1504 263 1565 p.
283 1481 356 1543 452.
385 1475 621 1566 Κεφαλλῆνας
651 1468 689 1541 δε
719 1498 780 1542 νυν
808 1468 871 1565 μέν
901 1469 983 1552 τοὺς
1009 1497 1047 1542 εκ
1068 1497 1130 1560 της
1153 1470 1264 1603 νη’σου

162 1597 223 1678 τῆς
245 1583 495 1674 Κεφαλληνίας
516 1579 692 1720 λέγουσιν·
713 1577 875 1673 Ομηρυς
896 1576 934 1648 δε
955 1576 1094 1661 πάντας
1116 1576 1186 1650 ὑπὸ
1210 1565 1264 1666 cod

160 1679 401 1772 Oovousnuv
425 1692 625 1760 dicimini
640 1689 872 1778 Ακαρυᾶνες·
895 1683 1004 1758 cludo
1027 1685 1113 1817 φάη
1135 1684 1263 1778 Αῠτάρ

159 1787 390 1880 Ὀδυσσεάς
372 1825 431 1892 ηγε
457 1797 697 1890 Κεφαλλῆνας
723 1797 945 1892 μεγαθύμους
979 1797 1091 1866 Ot‘’
1055 1827 1074 1890 p
1123 1797 1263 1892 Ἰθάκην
1358 1881 1359 1894 ³

163 1905 256 1998 εἶχον
271 1903 492 2004 καὶΝιᾷριτον
508 1905 747 1998 εἰνοσίφυλλον
759 1934 789 1976 κ.
798 1935 825 1977 τ.
833 1910 863 1977 λ.
886 1907 928 1976 έν
945 1910 1072 1992 αὐτῷ,
1090 1913 1264 1994 quodcum
1358 1901 1359 1930 ¹

163 2027 314 2112 κείμεναι
343 2025 485 2106 iunctum
512 2024 545 2086 iu
571 2025 719 2086 versione
747 2021 833 2103 apud
855 2009 991 2084 Gallium
1012 2024 1057 2084 ita
1077 2022 1264 2084 translatum

163 2138 212 2196 est
231 2135 314 2196 intua
335 2153 376 2194 σε
395 2133 450 2194 illo
470 2134 551 2194 citae
571 2139 654 2206 eunt,
676 2131 848 2192 secundum
872 2131 968 2192 Gailii
990 2133 1178 2192 sententiam
1197 2149 1263 2192 non
1358 2207 1359 2216 η

163 2241 321 2322 significat
341 2241 373 2301 in
392 2242 559 2322 εὐκαίρου,
581 2239 638 2300 sed
661 2241 742 2301 citro
762 2241 882 2314 είπαυι,
904 2241 995 2318 isque
1016 2241 1064 2300 vir
1087 2237 1199 2301 doctus
1223 2239 1264 2300 ad
1358 2285 1359 2302 r

162 2348 246 2410 huuc
267 2367 355 2410 usum
377 2348 554 2428 particulae
576 2345 611 2408 ἑν
634 2367 704 2409 cnm
727 2335 823 2421 ἐντός
843 2346 928 2408 idem
955 2348 1109 2408 valentem
1132 2348 1264 2428 Thucy·
1358 2363 1359 2424 ι

165 2453 293 2520 dideum
325 2455 431 2516 attolit
456 2451 559 2515 locum
581 2453 641 2529 IV,
665 2456 735 2516 12⁰.
758 2452 972 2535 περαιωθείς
993 2443 1033 2514 δέ
1056 2454 1115 2517 καί
1137 2443 1263 2528 ξέλλο-

164 2581 227 2646 γον
248 2555 398 2650 ποιήσας
425 2561 497 2623 cciv
520 2557 729 2623 Σκιωναίων
752 2552 866 2642 ἔλεγεν
889 2549 950 2623 dice
972 2557 1008 2623 ἐν
1031 2560 1074 2645 τῇ
1091 2553 1264 2642 Ἀκάνθῳ
1358 2561 1359 2630 i

164 2667 222 2734 καὶ
258 2659 403 2754 Τορώνη
435 2669 495 2732 καί
522 2658 670 2752 προσέτι
703 2659 851 2752 φάσκων
887 2659 1107 2744 α’ξιωτάτους
1135 2659 1282 2745 adtolle,

164 2769 251 2842 εἶναι
265 2773 422 2853 ἐπαίνου,
438 2774 561 2853 οἵτινες
577 2779 636 2866 της
647 2765 829 2866 Παλλήνης
843 2783 882 2841 ἐν
895 2779 953 2859 cpi·
964 2775 1082 2860 ἰσθμῷ
1093 2771 1263 2864 οἷπειλημ-

165 2873 269 2972 μένης
284 2876 354 2972 ὑπὸ
370 2891 439 2948 των
460 2879 661 2971 Ἀθηναίων
677 2905 705 2948 κ.
718 2908 746 2948 τ.
758 2879 788 2950 λ.
819 2885 947 2965 Qualem
962 2882 1000 2948 έν
1016 2887 1267 2967 praepositionis

164 3012 254 3055 nanm
283 2993 428 3054 latiorem
457 3012 632 3072 quanquam
660 3012 722 3054 non
755 2992 863 3054 dubito
894 2993 968 3072 quin
998 2995 1092 3054 etiam
1114 2993 1263 3072 pluribus
1358 3071 1359 3076 η

68 3155 69 3159 ,
165 3102 358 3181 scriptorum
392 3102 545 3182 exemplis
576 3101 784 3180 comprobare
814 3103 984 3180 possimus,
1003 3115 1005 3118 ’
1021 3101 1129 3176 nescio
1156 3106 1266 3166 tameo

165 3213 270 3268 utrum
291 3209 353 3269 hoc
376 3226 501 3288 quoque
522 3207 594 3269 loco
622 3213 762 3268 statuere
784 3226 822 3267 an
844 3207 965 3288 vulgari
986 3207 1079 3268 modo
1101 3210 1264 3288 interpre-

49 3303 69 3359 ’-
165 3319 285 3392 lantes,
313 3317 340 3376 ai
362 3315 447 3394 quod
468 3315 543 3384 inde
563 3317 673 3376 vitium
694 3315 868 3393 efficiatur,
896 3317 1068 3398 scriptoris
1092 3317 1193 3377 nostri
1214 3317 1265 3380 in·
1354 3305 1359 3374 λ

168 3423 275 3483 curiae
297 3422 480 3484 adscribere
496 3423 694 3485 debeamus·
713 3412 855 3508 Ἰθάκη
871 3412 914 3485 δέ
935 3425 1135 3487 Cussubonua
1149 3425 1281 3508 rectis-¹

167 3529 246 3590 aime
267 3530 462 3608 emendavit,
493 3550 587 3610 quum
616 3537 687 3593 auto
720 3550 790 3593 eum
813 3531 937 3593 omnino
969 3537 1079 3593 contra
1099 3549 1207 3593 sensus
1230 3539 1266 3594 et

168 3653 208 3698 ex
242 3644 333 3716 parte
367 3639 461 3701 etiam
492 3645 603 3700 contra
639 3640 732 3700 metri
765 3640 919 3701 rationem
949 3640 1122 3701 exhibitum
1150 3639 1267 3702 luisset
1358 3715 1359 3718 Ἴ

72 3770 74 3772 ·
164 3735 298 3829 Ἰθάκη·
328 3745 478 3810 σταδίων
507 3735 550 3810 δέ
578 3767 608 3810 κ.
631 3769 661 3810 τ.
682 3744 734 3812 λ.·
763 3748 954 3812 σταδίων
987 3741 1265 3834 ὀγδοήκοντα

168 3853 278 3935 siper
308 3872 343 3914 se
372 3856 472 3916 solum
493 3861 690 3936 spectamus,
723 3855 867 3918 dubitare
900 3874 1064 3942 possumus
1085 3875 1157 3919 num
1178 3856 1265 3922 huuc
1358 3839 1359 3880 λ

169 3964 340 4042 genitivum
370 3981 430 4043 pro
462 3966 602 4044 genitivo
630 3966 753 4026 numeri
782 3966 820 4027 ed
842 3959 959 4050 Ἰθάκη
980 3984 1093 4026 nomon
1115 3966 1266 4046 apposito

169 4068 338 4132 habeamus
365 4091 403 4132 an
431 4091 501 4132 cum
533 4064 635 4158 στευη’
661 4075 817 4156 adjectivo
847 4093 886 4136 an
914 4075 1052 4154 denique
1081 4093 1152 4136 cum
1175 4063 1266 4159 ὕψος
1358 4063 1359 4076 ³

171 4168 201 4232 δ’
226 4169 354 4255 ἔχουσα
377 4179 607 4260 conjungemus.
658 4181 721 4243 Sed
743 4183 871 4262 plurimi
892 4183 1102 4263 interpretes,
1131 4201 1266 4262 quorum

169 4280 233 4357 iam
254 4285 405 4371 princeps
425 4287 487 4352 fult
507 4288 700 4375 Stephanus,
729 4282 831 4380 στενή
861 4310 921 4375 per
942 4311 978 4358 ae
998 4291 1099 4358 solum
1118 4289 1268 4358 comide-
