<?xml version="1.0" encoding="UTF-8"?>
<!DOCTYPE html PUBLIC "-//W3C//DTD XHTML 1.0 Transitional//EN"
    "http://www.w3.org/TR/xhtml1/DTD/xhtml1-transitional.dtd">
<html xmlns="http://www.w3.org/1999/xhtml" xml:lang="en" lang="en">
 <head>
  <title>
</title>
<meta http-equiv="Content-Type" content="text/html;charset=utf-8" />
  <meta name='ocr-system' content='tesseract 3.04.00' />
  <meta name='ocr-capabilities' content='ocr_page ocr_carea ocr_par ocr_line ocrx_word'/>
</head>
<body>
  <div class='ocr_page' id='page_1' title='image "./dicaearchimesse00fuhrgoog_0535.png"; bbox 0 0 2728 4720; ppageno 0'>
   <div class='ocr_carea' id='block_1_1' title="bbox 396 255 877 393">
    <p class='ocr_par' dir='ltr' id='par_1_1' title="bbox 396 255 877 393">
     <span class='ocr_line' id='line_1_1' title="bbox 396 255 877 393; baseline 0.002 -2"><span class='ocrx_word' id='word_1_1' title='bbox 396 255 404 272; x_wconf 49' lang='lat'><em>⁶</em></span> <span class='ocrx_word' id='word_1_2' title='bbox 505 349 602 362; x_wconf 84' lang='lat'><strong>---</strong></span> <span class='ocrx_word' id='word_1_3' title='bbox 654 263 877 393; x_wconf 76' lang='lat' dir='ltr'><strong>ooo-</strong></span> 
     </span>
    </p>
   </div>
   <div class='ocr_carea' id='block_1_2' title="bbox 144 508 1240 1888">
    <p class='ocr_par' dir='ltr' id='par_1_2' title="bbox 144 508 1240 1888">
     <span class='ocr_line' id='line_1_2' title="bbox 230 508 1240 599; baseline 0.006 -29"><span class='ocrx_word' id='word_1_4' title='bbox 230 524 273 572; x_wconf 81' lang='grc' dir='ltr'><strong>ιι.</strong></span> <span class='ocrx_word' id='word_1_5' title='bbox 296 509 376 587; x_wconf 77' lang='grc'><strong>130,</strong></span> <span class='ocrx_word' id='word_1_6' title='bbox 404 508 445 570; x_wconf 90' lang='lat' dir='ltr'><strong>de</strong></span> <span class='ocrx_word' id='word_1_7' title='bbox 473 512 565 594; x_wconf 70' lang='lat' dir='ltr'><strong>cujus</strong></span> <span class='ocrx_word' id='word_1_8' title='bbox 593 513 731 599; x_wconf 85' lang='lat' dir='ltr'><strong>metrico·</strong></span> <span class='ocrx_word' id='word_1_9' title='bbox 746 509 856 574; x_wconf 78' lang='lat' dir='ltr'><strong>habitu</strong></span> <span class='ocrx_word' id='word_1_10' title='bbox 877 511 954 575; x_wconf 78' lang='lat' dir='ltr'><strong>alibi</strong></span> <span class='ocrx_word' id='word_1_11' title='bbox 974 511 1127 591; x_wconf 73' lang='lat' dir='ltr'><strong>dirimi,</strong></span> <span class='ocrx_word' id='word_1_12' title='bbox 1146 514 1240 578; x_wconf 81' lang='lat' dir='ltr'><strong>nura-</strong></span> 
     </span>
     <span class='ocr_line' id='line_1_3' title="bbox 146 612 1240 712; baseline 0.007 -32"><span class='ocrx_word' id='word_1_13' title='bbox 146 635 274 680; x_wconf 80' lang='lat' dir='ltr'><strong>nauuua</strong></span> <span class='ocrx_word' id='word_1_14' title='bbox 309 619 354 680; x_wconf 77' lang='lat' dir='ltr'><strong>ita</strong></span> <span class='ocrx_word' id='word_1_15' title='bbox 385 618 624 680; x_wconf 80' lang='lat' dir='ltr'><strong>reueribeuduru</strong></span> <span class='ocrx_word' id='word_1_16' title='bbox 650 637 721 684; x_wconf 80' lang='lat' dir='ltr'><strong>eaeo</strong></span> <span class='ocrx_word' id='word_1_17' title='bbox 748 620 905 702; x_wconf 81' lang='lat' dir='ltr'><strong>conjecitr</strong></span> <span class='ocrx_word' id='word_1_18' title='bbox 940 613 1071 700; x_wconf 73' lang='grc' dir='ltr'><strong>ἔχουσα</strong></span> <span class='ocrx_word' id='word_1_19' title='bbox 1096 612 1240 712; x_wconf 74' lang='grc' dir='ltr'><strong>λιμένας</strong></span> 
     </span>
     <span class='ocr_line' id='line_1_4' title="bbox 145 714 650 812; baseline -0.004 -24"><span class='ocrx_word' id='word_1_20' title='bbox 145 717 229 788; x_wconf 75' lang='grc' dir='ltr'><em>δύο·</em></span> <span class='ocrx_word' id='word_1_21' title='bbox 250 716 339 808; x_wconf 78' lang='grc' dir='ltr'><em>μετὰ</em></span> <span class='ocrx_word' id='word_1_22' title='bbox 362 714 401 788; x_wconf 69' lang='lat' dir='ltr'><strong>dd</strong></span> <span class='ocrx_word' id='word_1_23' title='bbox 422 715 484 812; x_wconf 71' lang='grc' dir='ltr'><strong>τὴυ</strong></span> <span class='ocrx_word' id='word_1_24' title='bbox 505 715 596 790; x_wconf 72' lang='grc' dir='ltr'>ἔστιν</span> <span class='ocrx_word' id='word_1_25' title='bbox 618 719 650 810; x_wconf 81' lang='lat' dir='ltr'><strong>q&#39;.</strong></span> 
     </span>
     <span class='ocr_line' id='line_1_5' title="bbox 160 834 1238 920; baseline 0.009 -27"><span class='ocrx_word' id='word_1_26' title='bbox 160 865 164 870; x_wconf 90' lang='lat'>·</span> <span class='ocrx_word' id='word_1_27' title='bbox 227 851 272 896; x_wconf 82' lang='lat' dir='ltr'><strong>va.</strong></span> <span class='ocrx_word' id='word_1_28' title='bbox 293 834 365 896; x_wconf 89' lang='grc'><strong>141.</strong></span> <span class='ocrx_word' id='word_1_29' title='bbox 386 835 420 897; x_wconf 87' lang='lat' dir='ltr'><strong>lu</strong></span> <span class='ocrx_word' id='word_1_30' title='bbox 441 834 503 896; x_wconf 89' lang='lat' dir='ltr'><strong>hoc</strong></span> <span class='ocrx_word' id='word_1_31' title='bbox 524 853 636 912; x_wconf 84' lang='lat' dir='ltr'><strong>verae,</strong></span> <span class='ocrx_word' id='word_1_32' title='bbox 657 853 751 916; x_wconf 88' lang='lat' dir='ltr'><strong>quem</strong></span> <span class='ocrx_word' id='word_1_33' title='bbox 770 837 901 898; x_wconf 88' lang='lat' dir='ltr'><strong>metrica</strong></span> <span class='ocrx_word' id='word_1_34' title='bbox 923 839 1045 898; x_wconf 84' lang='lat' dir='ltr'><strong>ratione</strong></span> <span class='ocrx_word' id='word_1_35' title='bbox 1066 840 1238 920; x_wconf 77' lang='lat' dir='ltr'><strong>pessimum</strong></span> 
     </span>
     <span class='ocr_line' id='line_1_6' title="bbox 145 939 1239 1024; baseline 0.005 -20"><span class='ocrx_word' id='word_1_36' title='bbox 145 959 216 1004; x_wconf 77' lang='lat' dir='ltr'><strong>erre</strong></span> <span class='ocrx_word' id='word_1_37' title='bbox 235 941 434 1004; x_wconf 77' lang='lat' dir='ltr'><strong>manifestum</strong></span> <span class='ocrx_word' id='word_1_38' title='bbox 456 949 514 1020; x_wconf 83' lang='lat' dir='ltr'><strong>eet,</strong></span> <span class='ocrx_word' id='word_1_39' title='bbox 535 943 618 1005; x_wconf 81' lang='lat' dir='ltr'><strong>eieut</strong></span> <span class='ocrx_word' id='word_1_40' title='bbox 636 945 670 1006; x_wconf 92' lang='lat' dir='ltr'><strong>iu</strong></span> <span class='ocrx_word' id='word_1_41' title='bbox 695 945 837 1006; x_wconf 79' lang='lat' dir='ltr'><strong>omuilrue</strong></span> <span class='ocrx_word' id='word_1_42' title='bbox 854 939 989 1024; x_wconf 85' lang='lat' dir='ltr'><strong>reliquie</strong></span> <span class='ocrx_word' id='word_1_43' title='bbox 1009 946 1049 1006; x_wconf 91' lang='lat' dir='ltr'><strong>ad</strong></span> <span class='ocrx_word' id='word_1_44' title='bbox 1072 947 1239 1010; x_wconf 76' lang='lat' dir='ltr'><strong>meliorem</strong></span> 
     </span>
     <span class='ocr_line' id='line_1_7' title="bbox 144 1049 1238 1134; baseline 0.004 -22"><span class='ocrx_word' id='word_1_45' title='bbox 144 1067 284 1112; x_wconf 87' lang='lat' dir='ltr'><strong>normam</strong></span> <span class='ocrx_word' id='word_1_46' title='bbox 305 1049 494 1114; x_wconf 74' lang='lat' dir='ltr'><strong>revocandis</strong></span> <span class='ocrx_word' id='word_1_47' title='bbox 511 1053 713 1114; x_wconf 84' lang='lat' dir='ltr'><strong>Buttmauuua</strong></span> <span class='ocrx_word' id='word_1_48' title='bbox 733 1052 849 1114; x_wconf 83' lang='lat' dir='ltr'><strong>nullam</strong></span> <span class='ocrx_word' id='word_1_49' title='bbox 869 1072 1000 1134; x_wconf 90' lang='lat' dir='ltr'><strong>operam</strong></span> <span class='ocrx_word' id='word_1_50' title='bbox 1021 1053 1238 1117; x_wconf 86' lang='lat' dir='ltr'><strong>collocandam</strong></span> 
     </span>
     <span class='ocr_line' id='line_1_8' title="bbox 145 1149 1239 1244; baseline 0.004 -24"><span class='ocrx_word' id='word_1_51' title='bbox 145 1175 215 1220; x_wconf 79' lang='lat' dir='ltr'><strong>erae</strong></span> <span class='ocrx_word' id='word_1_52' title='bbox 236 1157 399 1238; x_wconf 83' lang='lat' dir='ltr'><strong>proieaaur</strong></span> <span class='ocrx_word' id='word_1_53' title='bbox 420 1165 480 1232; x_wconf 85' lang='lat' dir='ltr'><strong>eat,</strong></span> <span class='ocrx_word' id='word_1_54' title='bbox 503 1160 647 1240; x_wconf 89' lang='lat' dir='ltr'><strong>quoniam</strong></span> <span class='ocrx_word' id='word_1_55' title='bbox 668 1149 800 1238; x_wconf 56' lang='lat' dir='ltr'><strong>codicia</strong></span> <span class='ocrx_word' id='word_1_56' title='bbox 820 1159 904 1221; x_wconf 89' lang='lat' dir='ltr'><strong>unde</strong></span> <span class='ocrx_word' id='word_1_57' title='bbox 924 1161 1029 1223; x_wconf 83' lang='lat' dir='ltr'><strong>huuati</strong></span> <span class='ocrx_word' id='word_1_58' title='bbox 1050 1169 1165 1239; x_wconf 78' lang='lat' dir='ltr'><strong>esseut,</strong></span> <span class='ocrx_word' id='word_1_59' title='bbox 1185 1165 1239 1244; x_wconf 90' lang='lat' dir='ltr'><strong>ip·</strong></span> 
     </span>
     <span class='ocr_line' id='line_1_9' title="bbox 144 1265 1239 1348; baseline 0.005 -20"><span class='ocrx_word' id='word_1_60' title='bbox 144 1267 210 1328; x_wconf 73' lang='lat' dir='ltr'><strong>eiua</strong></span> <span class='ocrx_word' id='word_1_61' title='bbox 229 1265 357 1330; x_wconf 76' lang='lat' dir='ltr'><strong>habitur</strong></span> <span class='ocrx_word' id='word_1_62' title='bbox 376 1285 530 1348; x_wconf 75' lang='lat' dir='ltr'><strong>perquam</strong></span> <span class='ocrx_word' id='word_1_63' title='bbox 551 1273 721 1348; x_wconf 83' lang='lat' dir='ltr'><strong>corruptae</strong></span> <span class='ocrx_word' id='word_1_64' title='bbox 745 1276 838 1330; x_wconf 78' lang='lat' dir='ltr'><strong>erret.</strong></span> <span class='ocrx_word' id='word_1_65' title='bbox 879 1269 928 1332; x_wconf 81' lang='lat' dir='ltr'><strong>rid</strong></span> <span class='ocrx_word' id='word_1_66' title='bbox 950 1277 1239 1332; x_wconf 81' lang='lat' dir='ltr'><strong>nostrum-versum</strong></span> 
     </span>
     <span class='ocr_line' id='line_1_10' title="bbox 145 1371 1238 1460; baseline 0.006 -27"><span class='ocrx_word' id='word_1_67' title='bbox 145 1373 372 1436; x_wconf 89' lang='lat' dir='ltr'><strong>emendandum</strong></span> <span class='ocrx_word' id='word_1_68' title='bbox 393 1375 544 1437; x_wconf 82' lang='lat' dir='ltr'><strong>Krebeiua</strong></span> <span class='ocrx_word' id='word_1_69' title='bbox 572 1375 648 1438; x_wconf 86' lang='lat' dir='ltr'><strong>duaa</strong></span> <span class='ocrx_word' id='word_1_70' title='bbox 675 1377 771 1438; x_wconf 81' lang='lat' dir='ltr'><strong>heroe</strong></span> <span class='ocrx_word' id='word_1_71' title='bbox 791 1379 930 1439; x_wconf 83' lang='lat' dir='ltr'><strong>rationes</strong></span> <span class='ocrx_word' id='word_1_72' title='bbox 959 1381 1129 1460; x_wconf 82' lang='lat' dir='ltr'><strong>proposuit</strong></span> <span class='ocrx_word' id='word_1_73' title='bbox 1150 1371 1238 1452; x_wconf 74' lang='grc' dir='ltr'><strong>υειιὶς</strong></span> 
     </span>
     <span class='ocr_line' id='line_1_11' title="bbox 144 1474 1238 1572; baseline 0.008 -30.479"><span class='ocrx_word' id='word_1_74' title='bbox 144 1474 424 1556; x_wconf 78' lang='grc' dir='ltr'><strong>τ”Αιτόλλιυυος</strong></span> <span class='ocrx_word' id='word_1_75' title='bbox 456 1478 514 1546; x_wconf 85' lang='grc' dir='ltr'><strong>καὶ</strong></span> <span class='ocrx_word' id='word_1_76' title='bbox 503 1476 723 1558; x_wconf 58' lang='lat' dir='ltr'><strong>cornuin</strong></span> <span class='ocrx_word' id='word_1_77' title='bbox 707 1475 853 1572; x_wconf 81' lang='grc' dir='ltr'><strong>εχομὲυη</strong></span> <span class='ocrx_word' id='word_1_78' title='bbox 880 1492 934 1548; x_wconf 81' lang='lat' dir='ltr'><strong>aut</strong></span> <span class='ocrx_word' id='word_1_79' title='bbox 954 1484 1096 1562; x_wconf 71' lang='lat' dir='ltr'><strong>ronige</strong></span> <span class='ocrx_word' id='word_1_80' title='bbox 1115 1477 1238 1550; x_wconf 75' lang='grc' dir='ltr'>Ἀπόλ-</span> 
     </span>
     <span class='ocr_line' id='line_1_12' title="bbox 145 1577 723 1678; baseline 0.005 -27"><span class='ocrx_word' id='word_1_81' title='bbox 145 1582 278 1664; x_wconf 84' lang='grc' dir='ltr'><strong>λωυυς·</strong></span> <span class='ocrx_word' id='word_1_82' title='bbox 300 1577 390 1672; x_wconf 80' lang='grc' dir='ltr'><em>μετὰ</em></span> <span class='ocrx_word' id='word_1_83' title='bbox 415 1583 541 1676; x_wconf 72' lang='grc' dir='ltr'><em>ταύτην</em></span> <span class='ocrx_word' id='word_1_84' title='bbox 563 1581 723 1678; x_wconf 69' lang='grc' dir='ltr'><strong>ἐχομένῃ.</strong></span> 
     </span>
     <span class='ocr_line' id='line_1_13' title="bbox 227 1689 1238 1782; baseline 0.007 -25"><span class='ocrx_word' id='word_1_85' title='bbox 227 1714 271 1758; x_wconf 82' lang='lat' dir='ltr'><strong>ve.</strong></span> <span class='ocrx_word' id='word_1_86' title='bbox 292 1696 365 1759; x_wconf 81' lang='lat'><strong>142.</strong></span> <span class='ocrx_word' id='word_1_87' title='bbox 387 1695 489 1778; x_wconf 79' lang='lat' dir='ltr'><strong>Quum</strong></span> <span class='ocrx_word' id='word_1_88' title='bbox 509 1699 634 1782; x_wconf 78' lang='lat' dir='ltr'><strong>vulgata</strong></span> <span class='ocrx_word' id='word_1_89' title='bbox 654 1699 749 1782; x_wconf 82' lang='lat' dir='ltr'><strong>hujus</strong></span> <span class='ocrx_word' id='word_1_90' title='bbox 769 1700 833 1762; x_wconf 92' lang='lat' dir='ltr'><strong>loci</strong></span> <span class='ocrx_word' id='word_1_91' title='bbox 854 1702 950 1776; x_wconf 83' lang='lat' dir='ltr'><strong>lectio</strong></span> <span class='ocrx_word' id='word_1_92' title='bbox 974 1689 1139 1778; x_wconf 77' lang='grc' dir='ltr'><strong>Μῦκυλος</strong></span> <span class='ocrx_word' id='word_1_93' title='bbox 1159 1704 1238 1766; x_wconf 81' lang='lat' dir='ltr'><strong>luia-</strong></span> 
     </span>
     <span class='ocr_line' id='line_1_14' title="bbox 144 1799 1239 1888; baseline 0.007 -22"><span class='ocrx_word' id='word_1_94' title='bbox 144 1809 211 1883; x_wconf 78' lang='lat' dir='ltr'><strong>eet,</strong></span> <span class='ocrx_word' id='word_1_95' title='bbox 240 1804 371 1882; x_wconf 75' lang='lat' dir='ltr'><strong>Voaaiua</strong></span> <span class='ocrx_word' id='word_1_96' title='bbox 399 1826 461 1888; x_wconf 92' lang='lat' dir='ltr'><strong>pro</strong></span> <span class='ocrx_word' id='word_1_97' title='bbox 482 1826 521 1870; x_wconf 88' lang='lat' dir='ltr'><strong>eo</strong></span> <span class='ocrx_word' id='word_1_98' title='bbox 544 1801 710 1882; x_wconf 78' lang='grc' dir='ltr'><strong>Μύκουος</strong></span> <span class='ocrx_word' id='word_1_99' title='bbox 730 1799 969 1872; x_wconf 82' lang='lat' dir='ltr'><strong>reacrilrendum</strong></span> <span class='ocrx_word' id='word_1_100' title='bbox 991 1829 1060 1874; x_wconf 82' lang='lat' dir='ltr'><strong>ease</strong></span> <span class='ocrx_word' id='word_1_101' title='bbox 1080 1812 1239 1874; x_wconf 78' lang='lat' dir='ltr'><strong>intellexit</strong></span> 
     </span>
    </p>
   </div>
   <div class='ocr_carea' id='block_1_3' title="bbox 60 1909 1356 2104">
    <p class='ocr_par' dir='ltr' id='par_1_3' title="bbox 60 1909 1356 2104">
     <span class='ocr_line' id='line_1_15' title="bbox 144 1909 1356 2000; baseline 0.007 -26"><span class='ocrx_word' id='word_1_102' title='bbox 144 1909 280 1992; x_wconf 78' lang='lat' dir='ltr'><strong>eumque</strong></span> <span class='ocrx_word' id='word_1_103' title='bbox 300 1915 498 1976; x_wconf 78' lang='lat' dir='ltr'>recentiores</span> <span class='ocrx_word' id='word_1_104' title='bbox 519 1933 626 1978; x_wconf 77' lang='lat' dir='ltr'><strong>omues</strong></span> <span class='ocrx_word' id='word_1_105' title='bbox 647 1915 787 1978; x_wconf 86' lang='lat' dir='ltr'><strong>editorea</strong></span> <span class='ocrx_word' id='word_1_106' title='bbox 808 1919 910 1979; x_wconf 80' lang='lat' dir='ltr'><strong>secuti</strong></span> <span class='ocrx_word' id='word_1_107' title='bbox 931 1926 1010 1980; x_wconf 82' lang='lat' dir='ltr'><strong>aunt.</strong></span> <span class='ocrx_word' id='word_1_108' title='bbox 1053 1919 1237 2000; x_wconf 79' lang='lat' dir='ltr'><strong>Quanquam</strong></span> <span class='ocrx_word' id='word_1_109' title='bbox 1355 1923 1356 1932; x_wconf 77' lang='grc'>’</span> 
     </span>
     <span class='ocr_line' id='line_1_16' title="bbox 60 2016 1356 2104; baseline -0.002 -14"><span class='ocrx_word' id='word_1_110' title='bbox 60 2069 75 2090; x_wconf 92' lang='grc'><strong>.</strong></span> <span class='ocrx_word' id='word_1_111' title='bbox 144 2019 227 2086; x_wconf 77' lang='lat' dir='ltr'><strong>e&#39;uim</strong></span> <span class='ocrx_word' id='word_1_112' title='bbox 248 2023 343 2085; x_wconf 86' lang='lat' dir='ltr'><strong>etiam</strong></span> <span class='ocrx_word' id='word_1_113' title='bbox 363 2023 466 2085; x_wconf 82' lang='lat' dir='ltr'><strong>forma</strong></span> <span class='ocrx_word' id='word_1_114' title='bbox 481 2016 654 2098; x_wconf 73' lang='grc' dir='ltr'><strong><em>Μύκωνος</em></strong></span> <span class='ocrx_word' id='word_1_115' title='bbox 674 2025 851 2084; x_wconf 75' lang='lat' dir='ltr'>rectissime</span> <span class='ocrx_word' id='word_1_116' title='bbox 872 2043 907 2084; x_wconf 83' lang='lat' dir='ltr'><strong>ee</strong></span> <span class='ocrx_word' id='word_1_117' title='bbox 927 2025 1023 2085; x_wconf 85' lang='lat' dir='ltr'><strong>habet</strong></span> <span class='ocrx_word' id='word_1_118' title='bbox 1045 2033 1078 2088; x_wconf 88' lang='lat' dir='ltr'><strong>et</strong></span> <span class='ocrx_word' id='word_1_119' title='bbox 1091 2028 1239 2089; x_wconf 74' lang='lat' dir='ltr'><strong>usitatior</strong></span> <span class='ocrx_word' id='word_1_120' title='bbox 1355 2097 1356 2104; x_wconf 9' lang='grc' dir='ltr'><strong>ἶ</strong></span> 
     </span>
    </p>
   </div>
   <div class='ocr_carea' id='block_1_4' title="bbox 70 2130 1239 2752">
    <p class='ocr_par' dir='ltr' id='par_1_4' title="bbox 70 2130 1238 2752">
     <span class='ocr_line' id='line_1_17' title="bbox 143 2130 1236 2214; baseline 0.005 -21"><span class='ocrx_word' id='word_1_121' title='bbox 143 2130 279 2194; x_wconf 80' lang='lat' dir='ltr'><strong>iortaaae</strong></span> <span class='ocrx_word' id='word_1_122' title='bbox 300 2133 434 2194; x_wconf 83' lang='lat' dir='ltr'><strong>uomiuie</strong></span> <span class='ocrx_word' id='word_1_123' title='bbox 446 2131 548 2194; x_wconf 81' lang='lat' dir='ltr'><strong>forma</strong></span> <span class='ocrx_word' id='word_1_124' title='bbox 568 2133 699 2208; x_wconf 78' lang='lat' dir='ltr'><strong>exstitit,</strong></span> <span class='ocrx_word' id='word_1_125' title='bbox 720 2133 815 2194; x_wconf 86' lang='lat' dir='ltr'><strong>metri</strong></span> <span class='ocrx_word' id='word_1_126' title='bbox 828 2141 932 2194; x_wconf 89' lang='lat' dir='ltr'><strong>tamen</strong></span> <span class='ocrx_word' id='word_1_127' title='bbox 947 2135 1028 2194; x_wconf 87' lang='lat' dir='ltr'><strong>ratio</strong></span> <span class='ocrx_word' id='word_1_128' title='bbox 1043 2133 1127 2195; x_wconf 87' lang='lat' dir='ltr'><strong>illam</strong></span> <span class='ocrx_word' id='word_1_129' title='bbox 1144 2155 1236 2214; x_wconf 88' lang='lat' dir='ltr'><strong>quam</strong></span> 
     </span>
     <span class='ocr_line' id='line_1_18' title="bbox 70 2239 1238 2320; baseline 0.003 -19"><span class='ocrx_word' id='word_1_130' title='bbox 70 2303 76 2314; x_wconf 71' lang='grc'><strong>,</strong></span> <span class='ocrx_word' id='word_1_131' title='bbox 142 2240 424 2320; x_wconf 69' lang='lat' dir='ltr'><strong>supramemoravi</strong></span> <span class='ocrx_word' id='word_1_132' title='bbox 444 2239 624 2302; x_wconf 85' lang='lat' dir='ltr'><strong>neceaaario</strong></span> <span class='ocrx_word' id='word_1_133' title='bbox 638 2239 769 2320; x_wconf 70' lang='lat' dir='ltr'><strong>flagitat.</strong></span> <span class='ocrx_word' id='word_1_134' title='bbox 810 2239 1030 2318; x_wconf 78' lang='lat' dir='ltr'><strong>Myconiorum</strong></span> <span class='ocrx_word' id='word_1_135' title='bbox 1052 2249 1156 2303; x_wconf 86' lang='lat' dir='ltr'><strong>autem</strong></span> <span class='ocrx_word' id='word_1_136' title='bbox 1171 2263 1238 2305; x_wconf 87' lang='lat' dir='ltr'><strong>mo·</strong></span> 
     </span>
     <span class='ocr_line' id='line_1_19' title="bbox 143 2344 1236 2430; baseline 0.005 -23"><span class='ocrx_word' id='word_1_137' title='bbox 143 2344 309 2410; x_wconf 72' lang='lat' dir='ltr'><strong>resvelde</strong></span> <span class='ocrx_word' id='word_1_138' title='bbox 330 2344 483 2408; x_wconf 81' lang='lat' dir='ltr'><strong>diffamati</strong></span> <span class='ocrx_word' id='word_1_139' title='bbox 503 2345 555 2408; x_wconf 81' lang='lat' dir='ltr'><strong>loia</strong></span> <span class='ocrx_word' id='word_1_140' title='bbox 577 2363 704 2426; x_wconf 89' lang='lat' dir='ltr'><strong>quoque</strong></span> <span class='ocrx_word' id='word_1_141' title='bbox 723 2347 900 2427; x_wconf 78' lang='lat' dir='ltr'><strong>proverbiis</strong></span> <span class='ocrx_word' id='word_1_142' title='bbox 921 2349 1140 2430; x_wconf 79' lang='lat' dir='ltr'><strong>significantur</strong></span> <span class='ocrx_word' id='word_1_143' title='bbox 1164 2345 1236 2412; x_wconf 89' lang='grc' dir='ltr'><strong>Μυ-</strong></span> 
     </span>
     <span class='ocr_line' id='line_1_20' title="bbox 143 2447 1238 2544; baseline 0.005 -26"><span class='ocrx_word' id='word_1_144' title='bbox 143 2448 269 2528; x_wconf 64' lang='lat' dir='ltr'><strong>adorea</strong></span> <span class='ocrx_word' id='word_1_145' title='bbox 282 2456 416 2536; x_wconf 78' lang='grc' dir='ltr'><em>γείτων,</em></span> <span class='ocrx_word' id='word_1_146' title='bbox 441 2447 639 2519; x_wconf 65' lang='lat' dir='ltr'><strong>Manavia»</strong></span> <span class='ocrx_word' id='word_1_147' title='bbox 660 2453 757 2539; x_wconf 74' lang='grc' dir='ltr'><strong><em>δίκην</em></strong></span> <span class='ocrx_word' id='word_1_148' title='bbox 778 2450 992 2518; x_wconf 70' lang='lat' dir='ltr'><strong>trecanum»</strong></span> <span class='ocrx_word' id='word_1_149' title='bbox 1013 2453 1060 2530; x_wconf 73' lang='grc' dir='ltr'><strong>εἷς</strong></span> <span class='ocrx_word' id='word_1_150' title='bbox 1079 2449 1125 2516; x_wconf 75' lang='lat' dir='ltr'><strong>coi</strong></span> <span class='ocrx_word' id='word_1_151' title='bbox 1153 2477 1238 2544; x_wconf 87' lang='grc' dir='ltr'><strong>συμ-</strong></span> 
     </span>
     <span class='ocr_line' id='line_1_21' title="bbox 143 2560 1239 2647; baseline 0.005 -21"><span class='ocrx_word' id='word_1_152' title='bbox 143 2560 1239 2655; x_wconf 72' lang='lat' dir='ltr'><strong>aooaeacf.nthen.1‚p.t.suc.t11,p.oeo.1lesycn.11‚</strong></span> 
     </span>
     <span class='ocr_line' id='line_1_22' title="bbox 145 2647 769 2752; baseline 0.002 -20"><span class='ocrx_word' id='word_1_153' title='bbox 145 2691 177 2752; x_wconf 92' lang='lat' dir='ltr'><strong>p.</strong></span> <span class='ocrx_word' id='word_1_154' title='bbox 197 2647 270 2734; x_wconf 88' lang='grc'><strong>630.</strong></span> <span class='ocrx_word' id='word_1_155' title='bbox 312 2671 404 2734; x_wconf 87' lang='lat' dir='ltr'><strong>Plrot.</strong></span> <span class='ocrx_word' id='word_1_156' title='bbox 424 2669 497 2732; x_wconf 78' lang='grc'><strong>206.</strong></span> <span class='ocrx_word' id='word_1_157' title='bbox 767 2708 769 2711; x_wconf 80' lang='grc'><em>·</em></span> 
     </span>
    </p>
   </div>
   <div class='ocr_carea' id='block_1_5' title="bbox 118 2769 1356 3088">
    <p class='ocr_par' dir='ltr' id='par_1_5' title="bbox 118 2769 1356 3088">
     <span class='ocr_line' id='line_1_23' title="bbox 227 2769 1356 2864; baseline 0.006 -24"><span class='ocrx_word' id='word_1_158' title='bbox 227 2798 272 2841; x_wconf 83' lang='lat' dir='ltr'><strong>va.</strong></span> <span class='ocrx_word' id='word_1_159' title='bbox 294 2779 377 2841; x_wconf 94' lang='grc'><strong>146.</strong></span> <span class='ocrx_word' id='word_1_160' title='bbox 387 2782 451 2843; x_wconf 83' lang='grc' dir='ltr'><strong>Ριυ</strong></span> <span class='ocrx_word' id='word_1_161' title='bbox 470 2772 563 2842; x_wconf 73' lang='grc' dir='ltr'><strong><em>κατὰ</em></strong></span> <span class='ocrx_word' id='word_1_162' title='bbox 580 2774 612 2842; x_wconf 88' lang='grc' dir='ltr'><strong>Γ</strong></span> <span class='ocrx_word' id='word_1_163' title='bbox 609 2769 771 2864; x_wconf 77' lang='grc' dir='ltr'><strong>ἑραιστυυ</strong></span> <span class='ocrx_word' id='word_1_164' title='bbox 791 2779 894 2842; x_wconf 84' lang='lat' dir='ltr'><strong>codex</strong></span> <span class='ocrx_word' id='word_1_165' title='bbox 906 2780 1074 2858; x_wconf 75' lang='lat' dir='ltr'><strong>Palatinus,</strong></span> <span class='ocrx_word' id='word_1_166' title='bbox 1095 2791 1131 2844; x_wconf 91' lang='lat' dir='ltr'><strong>ut</strong></span> <span class='ocrx_word' id='word_1_167' title='bbox 1148 2783 1238 2846; x_wconf 85' lang='lat' dir='ltr'><strong>llud-</strong></span> <span class='ocrx_word' id='word_1_168' title='bbox 1355 2789 1356 2794; x_wconf 76' lang='grc'>’</span> 
     </span>
     <span class='ocr_line' id='line_1_24' title="bbox 144 2878 1356 2972; baseline 0.004 -22"><span class='ocrx_word' id='word_1_169' title='bbox 144 2906 238 2951; x_wconf 79' lang='lat' dir='ltr'><strong>eouuu</strong></span> <span class='ocrx_word' id='word_1_170' title='bbox 259 2888 402 2966; x_wconf 78' lang='lat' dir='ltr'><strong>tradidit,</strong></span> <span class='ocrx_word' id='word_1_171' title='bbox 423 2881 514 2972; x_wconf 73' lang='grc' dir='ltr'><strong>μετὰ</strong></span> <span class='ocrx_word' id='word_1_172' title='bbox 537 2878 731 2968; x_wconf 65' lang='lat' dir='ltr'><strong>tionem»</strong></span> <span class='ocrx_word' id='word_1_173' title='bbox 752 2889 889 2952; x_wconf 74' lang='lat' dir='ltr'><strong>exhibet.</strong></span> <span class='ocrx_word' id='word_1_174' title='bbox 931 2891 1080 2952; x_wconf 75' lang='lat' dir='ltr'><strong>Ceterum</strong></span> <span class='ocrx_word' id='word_1_175' title='bbox 1100 2893 1239 2969; x_wconf 72' lang='lat' dir='ltr'><strong>Andrus,</strong></span> <span class='ocrx_word' id='word_1_176' title='bbox 1355 2941 1356 2944; x_wconf 20' lang='lat'>¹</span> 
     </span>
     <span class='ocr_line' id='line_1_25' title="bbox 118 2996 1356 3088; baseline 0.003 -29"><span class='ocrx_word' id='word_1_177' title='bbox 118 3081 121 3088; x_wconf 25' lang='grc' dir='ltr'>Ι</span> <span class='ocrx_word' id='word_1_178' title='bbox 144 2999 235 3080; x_wconf 79' lang='lat' dir='ltr'><strong>cujus</strong></span> <span class='ocrx_word' id='word_1_179' title='bbox 255 3003 383 3078; x_wconf 89' lang='lat' dir='ltr'><strong>portum</strong></span> <span class='ocrx_word' id='word_1_180' title='bbox 404 3015 509 3077; x_wconf 88' lang='lat' dir='ltr'><strong>neque</strong></span> <span class='ocrx_word' id='word_1_181' title='bbox 531 3016 549 3058; x_wconf 95' lang='lat' dir='ltr'><strong>a</strong></span> <span class='ocrx_word' id='word_1_182' title='bbox 569 2996 701 3078; x_wconf 80' lang='lat' dir='ltr'><strong>Scylace</strong></span> <span class='ocrx_word' id='word_1_183' title='bbox 721 3017 827 3078; x_wconf 88' lang='lat' dir='ltr'><strong>neque</strong></span> <span class='ocrx_word' id='word_1_184' title='bbox 848 2999 886 3060; x_wconf 84' lang='lat' dir='ltr'><strong>ab</strong></span> <span class='ocrx_word' id='word_1_185' title='bbox 907 2999 973 3061; x_wconf 94' lang='lat' dir='ltr'><strong>ullo</strong></span> <span class='ocrx_word' id='word_1_186' title='bbox 993 3001 1054 3062; x_wconf 89' lang='lat' dir='ltr'><strong>alio</strong></span> <span class='ocrx_word' id='word_1_187' title='bbox 1075 3002 1237 3081; x_wconf 78' lang='lat' dir='ltr'><strong>scriptore</strong></span> <span class='ocrx_word' id='word_1_188' title='bbox 1355 3067 1356 3088; x_wconf 18' lang='lat' dir='ltr'><strong>q</strong></span> 
     </span>
    </p>
   </div>
   <div class='ocr_carea' id='block_1_6' title="bbox 144 3105 1238 3295">
    <p class='ocr_par' dir='ltr' id='par_1_6' title="bbox 144 3105 1238 3295">
     <span class='ocr_line' id='line_1_26' title="bbox 144 3105 1238 3192; baseline 0.003 -26"><span class='ocrx_word' id='word_1_189' title='bbox 144 3111 207 3167; x_wconf 84' lang='lat' dir='ltr'><strong>taur</strong></span> <span class='ocrx_word' id='word_1_190' title='bbox 239 3111 388 3192; x_wconf 73' lang='lat' dir='ltr'><strong>accurate</strong></span> <span class='ocrx_word' id='word_1_191' title='bbox 417 3123 510 3183; x_wconf 87' lang='lat' dir='ltr'><strong>quam</strong></span> <span class='ocrx_word' id='word_1_192' title='bbox 535 3111 645 3166; x_wconf 78' lang='lat' dir='ltr'><strong>nostro</strong></span> <span class='ocrx_word' id='word_1_193' title='bbox 670 3105 742 3166; x_wconf 90' lang='lat' dir='ltr'><strong>loco</strong></span> <span class='ocrx_word' id='word_1_194' title='bbox 770 3125 789 3166; x_wconf 89' lang='lat' dir='ltr'><strong>a</strong></span> <span class='ocrx_word' id='word_1_195' title='bbox 816 3106 1012 3168; x_wconf 80' lang='lat' dir='ltr'><strong>Dicaearcho</strong></span> <span class='ocrx_word' id='word_1_196' title='bbox 1041 3107 1238 3188; x_wconf 84' lang='lat' dir='ltr'><strong>descriptum</strong></span> 
     </span>
     <span class='ocr_line' id='line_1_27' title="bbox 144 3212 1238 3295; baseline 0.001 -21"><span class='ocrx_word' id='word_1_197' title='bbox 144 3229 216 3274; x_wconf 82' lang='lat' dir='ltr'><strong>earo</strong></span> <span class='ocrx_word' id='word_1_198' title='bbox 237 3212 357 3274; x_wconf 83' lang='lat' dir='ltr'><strong>Gailiua</strong></span> <span class='ocrx_word' id='word_1_199' title='bbox 378 3212 547 3290; x_wconf 84' lang='lat' dir='ltr'><strong>adnotavit,</strong></span> <span class='ocrx_word' id='word_1_200' title='bbox 567 3232 586 3274; x_wconf 88' lang='lat' dir='ltr'><strong>a</strong></span> <span class='ocrx_word' id='word_1_201' title='bbox 605 3213 728 3274; x_wconf 85' lang='lat' dir='ltr'><strong>Zonara</strong></span> <span class='ocrx_word' id='word_1_202' title='bbox 750 3233 877 3294; x_wconf 85' lang='lat' dir='ltr'><strong>quoque</strong></span> <span class='ocrx_word' id='word_1_203' title='bbox 897 3215 981 3277; x_wconf 90' lang='lat' dir='ltr'><strong>inter</strong></span> <span class='ocrx_word' id='word_1_204' title='bbox 994 3215 1149 3295; x_wconf 79' lang='lat' dir='ltr'><strong>cyclades</strong></span> <span class='ocrx_word' id='word_1_205' title='bbox 1170 3214 1238 3278; x_wconf 89' lang='lat' dir='ltr'><strong>col-</strong></span> 
     </span>
    </p>
   </div>
   <div class='ocr_carea' id='block_1_7' title="bbox 145 3311 1356 3407">
    <p class='ocr_par' dir='ltr' id='par_1_7' title="bbox 145 3311 1356 3407">
     <span class='ocr_line' id='line_1_28' title="bbox 145 3311 1356 3407; baseline 0.006 -25"><span class='ocrx_word' id='word_1_206' title='bbox 145 3320 248 3382; x_wconf 83' lang='lat' dir='ltr'><strong>locata</strong></span> <span class='ocrx_word' id='word_1_207' title='bbox 270 3326 319 3382; x_wconf 85' lang='lat' dir='ltr'><strong>eat</strong></span> <span class='ocrx_word' id='word_1_208' title='bbox 346 3339 379 3401; x_wconf 93' lang='lat' dir='ltr'><strong>p.</strong></span> <span class='ocrx_word' id='word_1_209' title='bbox 407 3319 479 3380; x_wconf 88' lang='grc'><strong>186.</strong></span> <span class='ocrx_word' id='word_1_210' title='bbox 507 3311 669 3402; x_wconf 75' lang='grc' dir='ltr'><strong><em>Ἀνδρος,</em></strong></span> <span class='ocrx_word' id='word_1_211' title='bbox 701 3320 807 3407; x_wconf 76' lang='grc' dir='ltr'><strong><em>νῆσος</em></strong></span> <span class='ocrx_word' id='word_1_212' title='bbox 836 3317 900 3407; x_wconf 80' lang='grc' dir='ltr'><strong>μία</strong></span> <span class='ocrx_word' id='word_1_213' title='bbox 930 3322 1002 3385; x_wconf 74' lang='grc' dir='ltr'><strong>τῶν</strong></span> <span class='ocrx_word' id='word_1_214' title='bbox 1031 3311 1237 3388; x_wconf 73' lang='grc' dir='ltr'><strong>Κυκλάδων.</strong></span> <span class='ocrx_word' id='word_1_215' title='bbox 1355 3365 1356 3378; x_wconf 41' lang='grc' dir='ltr'>ι</span> 
     </span>
    </p>
   </div>
   <div class='ocr_carea' id='block_1_8' title="bbox 145 3415 1241 4268">
    <p class='ocr_par' dir='ltr' id='par_1_8' title="bbox 146 3415 720 3512">
     <span class='ocr_line' id='line_1_29' title="bbox 146 3415 720 3512; baseline -0.003 -22"><span class='ocrx_word' id='word_1_216' title='bbox 146 3417 222 3490; x_wconf 81' lang='lat' dir='ltr'><strong>oivvd</strong></span> <span class='ocrx_word' id='word_1_217' title='bbox 240 3416 385 3509; x_wconf 81' lang='grc' dir='ltr'><strong>Ἀυδρου</strong></span> <span class='ocrx_word' id='word_1_218' title='bbox 406 3423 473 3490; x_wconf 76' lang='grc' dir='ltr'><strong>τοῦ</strong></span> <span class='ocrx_word' id='word_1_219' title='bbox 494 3415 720 3512; x_wconf 76' lang='grc' dir='ltr'><strong>Εὐρυμάχου.</strong></span> 
     </span>
    </p>

    <p class='ocr_par' dir='ltr' id='par_1_9' title="bbox 145 3533 1241 4268">
     <span class='ocr_line' id='line_1_30' title="bbox 229 3533 1236 3621; baseline 0.007 -26"><span class='ocrx_word' id='word_1_220' title='bbox 229 3553 272 3596; x_wconf 82' lang='lat' dir='ltr'><strong>vo.</strong></span> <span class='ocrx_word' id='word_1_221' title='bbox 294 3535 364 3596; x_wconf 82' lang='grc'><strong>144.</strong></span> <span class='ocrx_word' id='word_1_222' title='bbox 400 3535 448 3598; x_wconf 87' lang='lat' dir='ltr'><strong>Ab</strong></span> <span class='ocrx_word' id='word_1_223' title='bbox 469 3535 531 3596; x_wconf 89' lang='lat' dir='ltr'><strong>hoc</strong></span> <span class='ocrx_word' id='word_1_224' title='bbox 553 3536 628 3597; x_wconf 91' lang='lat' dir='ltr'><strong>inde</strong></span> <span class='ocrx_word' id='word_1_225' title='bbox 653 3554 745 3598; x_wconf 82' lang='lat' dir='ltr'><strong>versu</strong></span> <span class='ocrx_word' id='word_1_226' title='bbox 767 3537 949 3600; x_wconf 88' lang='lat' dir='ltr'><strong>ilolateniua</strong></span> <span class='ocrx_word' id='word_1_227' title='bbox 968 3533 1140 3601; x_wconf 77' lang='lat' dir='ltr'><strong>memoriae</strong></span> <span class='ocrx_word' id='word_1_228' title='bbox 1161 3559 1236 3621; x_wconf 93' lang='lat' dir='ltr'><strong>pro-</strong></span> 
     </span>
     <span class='ocr_line' id='line_1_31' title="bbox 147 3641 1239 3728; baseline 0.001 -22"><span class='ocrx_word' id='word_1_229' title='bbox 147 3641 229 3706; x_wconf 87' lang='lat' dir='ltr'><strong>didit</strong></span> <span class='ocrx_word' id='word_1_230' title='bbox 247 3641 372 3722; x_wconf 87' lang='lat' dir='ltr'><strong>reliqua</strong></span> <span class='ocrx_word' id='word_1_231' title='bbox 400 3661 459 3723; x_wconf 91' lang='lat' dir='ltr'><strong>per</strong></span> <span class='ocrx_word' id='word_1_232' title='bbox 479 3643 680 3706; x_wconf 85' lang='lat' dir='ltr'><strong>librariorum</strong></span> <span class='ocrx_word' id='word_1_233' title='bbox 701 3645 856 3706; x_wconf 83' lang='lat' dir='ltr'><strong>inscitiam</strong></span> <span class='ocrx_word' id='word_1_234' title='bbox 881 3664 977 3726; x_wconf 82' lang='lat' dir='ltr'><strong>prora</strong></span> <span class='ocrx_word' id='word_1_235' title='bbox 998 3647 1141 3709; x_wconf 87' lang='lat' dir='ltr'><strong>oratioue</strong></span> <span class='ocrx_word' id='word_1_236' title='bbox 1162 3642 1239 3728; x_wconf 85' lang='lat' dir='ltr'><strong>pro·</strong></span> 
     </span>
     <span class='ocr_line' id='line_1_32' title="bbox 145 3751 1240 3835; baseline 0.004 -21"><span class='ocrx_word' id='word_1_237' title='bbox 145 3752 209 3814; x_wconf 84' lang='lat' dir='ltr'><strong>latu</strong></span> <span class='ocrx_word' id='word_1_238' title='bbox 241 3769 320 3814; x_wconf 78' lang='lat' dir='ltr'><strong>eane.</strong></span> <span class='ocrx_word' id='word_1_239' title='bbox 377 3751 583 3834; x_wconf 80' lang='lat' dir='ltr'><strong>Buttmannua</strong></span> <span class='ocrx_word' id='word_1_240' title='bbox 617 3771 744 3832; x_wconf 89' lang='lat' dir='ltr'><strong>quoque</strong></span> <span class='ocrx_word' id='word_1_241' title='bbox 773 3753 1008 3832; x_wconf 87' lang='lat' dir='ltr'><strong>animadvertit,</strong></span> <span class='ocrx_word' id='word_1_242' title='bbox 1042 3760 1240 3835; x_wconf 82' lang='lat' dir='ltr'><strong>quantopere</strong></span> 
     </span>
     <span class='ocr_line' id='line_1_33' title="bbox 148 3856 1240 3939; baseline 0.002 -17"><span class='ocrx_word' id='word_1_243' title='bbox 148 3859 251 3935; x_wconf 88' lang='lat' dir='ltr'><strong>omula</strong></span> <span class='ocrx_word' id='word_1_244' title='bbox 270 3857 304 3920; x_wconf 91' lang='lat' dir='ltr'><strong>iu</strong></span> <span class='ocrx_word' id='word_1_245' title='bbox 324 3856 386 3920; x_wconf 86' lang='lat' dir='ltr'><strong>hoe</strong></span> <span class='ocrx_word' id='word_1_246' title='bbox 408 3859 603 3939; x_wconf 79' lang='lat' dir='ltr'><strong>auagraplrea</strong></span> <span class='ocrx_word' id='word_1_247' title='bbox 624 3859 688 3920; x_wconf 90' lang='lat' dir='ltr'><strong>line</strong></span> <span class='ocrx_word' id='word_1_248' title='bbox 707 3860 833 3922; x_wconf 86' lang='lat' dir='ltr'><strong>turbata</strong></span> <span class='ocrx_word' id='word_1_249' title='bbox 853 3861 930 3938; x_wconf 85' lang='lat' dir='ltr'><strong>aiut,</strong></span> <span class='ocrx_word' id='word_1_250' title='bbox 955 3867 991 3922; x_wconf 93' lang='lat' dir='ltr'><strong>ut</strong></span> <span class='ocrx_word' id='word_1_251' title='bbox 1010 3859 1240 3926; x_wconf 73' lang='lat' dir='ltr'><strong>nominatarum</strong></span> 
     </span>
     <span class='ocr_line' id='line_1_34' title="bbox 146 3965 1241 4049; baseline 0.002 -19"><span class='ocrx_word' id='word_1_252' title='bbox 146 3967 318 4031; x_wconf 74' lang='lat' dir='ltr'><strong>insularum</strong></span> <span class='ocrx_word' id='word_1_253' title='bbox 343 3965 517 4046; x_wconf 78' lang='lat' dir='ltr'><strong>positione·</strong></span> <span class='ocrx_word' id='word_1_254' title='bbox 538 3967 763 4047; x_wconf 86' lang='lat' dir='ltr'><strong>contemplanti</strong></span> <span class='ocrx_word' id='word_1_255' title='bbox 789 3968 877 4030; x_wconf 86' lang='lat' dir='ltr'><strong>illico</strong></span> <span class='ocrx_word' id='word_1_256' title='bbox 903 3974 1016 4049; x_wconf 87' lang='lat' dir='ltr'><strong>patere</strong></span> <span class='ocrx_word' id='word_1_257' title='bbox 1036 3987 1168 4032; x_wconf 82' lang='lat' dir='ltr'><strong>neaerae</strong></span> <span class='ocrx_word' id='word_1_258' title='bbox 1188 3970 1241 4032; x_wconf 82' lang='lat' dir='ltr'><strong>ait.</strong></span> 
     </span>
     <span class='ocr_line' id='line_1_35' title="bbox 147 4071 1240 4156; baseline 0.003 -20"><span class='ocrx_word' id='word_1_259' title='bbox 147 4071 262 4153; x_wconf 81' lang='lat' dir='ltr'><strong>Neque</strong></span> <span class='ocrx_word' id='word_1_260' title='bbox 291 4091 354 4134; x_wconf 92' lang='lat' dir='ltr'><strong>uon</strong></span> <span class='ocrx_word' id='word_1_261' title='bbox 383 4071 468 4133; x_wconf 90' lang='lat' dir='ltr'><strong>idem</strong></span> <span class='ocrx_word' id='word_1_262' title='bbox 495 4073 544 4134; x_wconf 90' lang='lat' dir='ltr'><strong>vir</strong></span> <span class='ocrx_word' id='word_1_263' title='bbox 565 4073 676 4135; x_wconf 79' lang='lat' dir='ltr'><strong>doctus</strong></span> <span class='ocrx_word' id='word_1_264' title='bbox 704 4090 851 4136; x_wconf 82' lang='lat' dir='ltr'><strong>numeror</strong></span> <span class='ocrx_word' id='word_1_265' title='bbox 878 4075 992 4136; x_wconf 80' lang='lat' dir='ltr'><strong>luorum</strong></span> <span class='ocrx_word' id='word_1_266' title='bbox 1012 4093 1178 4156; x_wconf 78' lang='lat' dir='ltr'><strong>veranum,</strong></span> <span class='ocrx_word' id='word_1_267' title='bbox 1204 4081 1240 4140; x_wconf 88' lang='lat' dir='ltr'><strong>ut</strong></span> 
     </span>
     <span class='ocr_line' id='line_1_36' title="bbox 148 4177 1049 4268; baseline 0.006 -27"><span class='ocrx_word' id='word_1_268' title='bbox 148 4195 194 4243; x_wconf 84' lang='lat' dir='ltr'><strong>va.</strong></span> <span class='ocrx_word' id='word_1_269' title='bbox 215 4177 276 4241; x_wconf 77' lang='grc'><strong>141</strong></span> <span class='ocrx_word' id='word_1_270' title='bbox 297 4186 330 4268; x_wconf 84' lang='lat' dir='ltr'><strong>et</strong></span> <span class='ocrx_word' id='word_1_271' title='bbox 350 4177 426 4256; x_wconf 79' lang='lat'>149,</span> <span class='ocrx_word' id='word_1_272' title='bbox 448 4181 590 4243; x_wconf 78' lang='lat' dir='ltr'><strong>omnibu·</strong></span> <span class='ocrx_word' id='word_1_273' title='bbox 610 4182 694 4244; x_wconf 78' lang='lat' dir='ltr'><strong>vitiis</strong></span> <span class='ocrx_word' id='word_1_274' title='bbox 715 4183 860 4246; x_wconf 89' lang='lat' dir='ltr'><strong>laborare</strong></span> <span class='ocrx_word' id='word_1_275' title='bbox 880 4181 1049 4248; x_wconf 84' lang='lat' dir='ltr'><strong>adnotavit.</strong></span> 
     </span>
    </p>
   </div>
   <div class='ocr_carea' id='block_1_9' title="bbox 0 0 1368 4720">
    <p class='ocr_par' dir='ltr' id='par_1_10' title="bbox 0 0 1368 4720">
     <span class='ocr_line' id='line_1_37' title="bbox 0 0 1368 4720; baseline 0 0"><span class='ocrx_word' id='word_1_276' title='bbox 0 0 1368 4720; x_wconf 95' lang='lat' dir='ltr'><strong> </strong></span> 
     </span>
    </p>
   </div>
  </div>
 </body>
</html>
