2734 4718
488 308 583 320 --
634 251 708 350 ιιι
761 309 855 321 ---

126 467 322 548 aptissinrdm
350 460 502 550 Τεμπῶν
522 466 743 530 commendere
770 487 841 532 coro
863 465 1047 538 Buttmaono
1077 487 1137 538 non
1160 468 1217 539 du·

125 573 206 636 bito.
261 575 309 638 De
338 576 484 657 στομίου
520 583 690 656 praetereo
720 577 904 660 conjectura
932 581 1084 646 adnotare
1112 584 1230 662 licent,¹
1292 617 1295 622 ·

124 695 319 764 magnopere
346 681 474 762 quaeri,
504 701 605 745 annon
632 699 704 746 som
732 685 765 747 in
791 705 915 749 sensuro
938 682 1086 776 Πηνειοῦ
1113 693 1220 772 potius

127 794 275 874 στομίου
305 809 397 871 quam
422 786 614 854 Θετταλῶν
643 795 788 875 στομίου
817 795 1044 874 proferendum
1064 797 1164 860 tuerit
1184 807 1218 861 et

125 899 168 961 de
195 891 358 983 Τὲμττονς
378 901 559 981 suspicione
581 918 662 979 quse
675 901 789 965 Vossio
810 909 844 964 et
864 901 934 965 aliis
955 910 1121 984 postcom
1142 908 1218 970 uiris

125 1007 231 1070 doctis
259 1009 291 1070 io
318 1015 424 1070 menie
444 1008 506 1070 init
526 1007 794 1087 animadvertere,
824 1011 1014 1092 singularem
1035 1015 1104 1096 eius
1125 1033 1218 1078 vocs-

123 1116 192 1180 bnii
213 1117 303 1179 nobis
323 1115 460 1178 noudum
481 1116 621 1196 agnitum
641 1134 722 1179 esse.
771 1117 864 1196 Quod
890 1124 994 1181 sutem
1016 1121 1219 1185 Buttmeonus

122 1226 222 1286 totins
242 1223 336 1306 hujus
356 1224 419 1285 ioci
434 1241 648 1304 progressum,
669 1243 732 1304 quo
746 1223 957 1291 Dicaearchus
974 1234 1048 1308 post
1062 1229 1218 1292 Graecise

125 1331 373 1413 descriptionem
395 1329 566 1392 absolutam
587 1330 768 1394 addiderita
789 1351 885 1416 usque
905 1334 951 1396 od
969 1336 1022 1398 ires
1042 1336 1124 1398 locos
1140 1337 1217 1421 perc

123 1442 228 1502 tinere
260 1439 428 1502 Graeciam
458 1441 599 1501 continno
629 1446 663 1502 et
691 1441 794 1503 censis
820 1441 916 1524 hujus
941 1462 1017 1506 suae
1042 1447 1216 1508 sententies

128 1548 281 1630 expositis
301 1549 334 1609 iu
354 1547 417 1608 iine
439 1546 556 1609 deinde
577 1545 711 1609 diaeritr
725 1537 728 1544 ’
742 1547 880 1611 Graecia
905 1569 1001 1632 usque
1021 1551 1067 1614 ud
1094 1571 1146 1615 eos
1171 1554 1215 1616 1ο·
1261 1611 1266 1619 ,

123 1673 174 1717 eos
202 1653 360 1748 descripta
387 1652 461 1716 libri
477 1655 581 1734 finem
599 1653 709 1732 focio,
743 1654 828 1734 quod
856 1655 983 1756 inquam
1012 1657 1217 1721 Buttmannus

122 1762 206 1826 huno
227 1777 430 1842 progressum
458 1779 529 1823 curu
551 1781 589 1824 ea
611 1762 753 1837 ratione,
782 1780 843 1841 qua
870 1763 1061 1843 scriptorio
1084 1765 1216 1830 Boeotis
1352 1767 1357 1788 ¹

122 1869 335 1932 describendo
362 1887 436 1931 usus
466 1888 564 1950 supra
591 1869 692 1931 fuerit
719 1869 879 1931 Boeoticis
905 1870 1035 1950 oppidis
1063 1875 1215 1952 expositis

120 1979 274 2060 adjiciens
295 1974 315 2064 ἡ
336 1969 407 2063 μὲν
422 1959 485 2041 οὖν
505 1973 664 2042 Βοιωτία
685 1964 830 2060 τοιαύτη
857 1985 890 2040 et
910 1978 1027 2041 deiude
1049 1982 1214 2068 Boeotico·

120 2105 191 2148 rurn
212 2066 373 2148 ciuitatum
396 2085 621 2148 calamitatibus
638 2087 889 2148 commemoratis
910 2085 1024 2148 iterum
1046 2088 1214 2168 proferens

119 2183 143 2279 ἡ
171 2181 236 2275 μὲν
268 2175 330 2254 οὖν
360 2183 536 2256 Βοιωτῶν
564 2185 667 2276 χώρα
696 2185 862 2280 τοιαύτῃ,
894 2192 1111 2258 collocandum
1143 2215 1213 2259 esse

121 2296 320 2377 existimarit,
339 2313 402 2362 non
423 2301 587 2374 assentior,
608 2299 663 2362 iilo
684 2301 716 2364 in
737 2299 808 2362 loeo
830 2319 881 2364 me
906 2308 1017 2383 aperta
1039 2319 1213 2383 excerpen-

119 2408 163 2468 tis
190 2409 322 2489 vestigia
351 2427 485 2470 cernere
514 2408 668 2488 profitens
698 2427 801 2488 eaque
830 2407 872 2470 de
900 2427 938 2492 re
958 2407 998 2470 ad
1028 2412 1213 2492 superiores

120 2533 208 2577 meas
229 2516 446 2579 adnotationes
466 2516 627 2597 rciegans,
656 2515 718 2578 hoc
739 2521 843 2577 autem
865 2519 1038 2597 posteriori
1064 2518 1149 2597 quod
1170 2520 1210 2580 ad

119 2625 326 2706 expositionis
352 2643 556 2707 progressum
582 2625 869 2704 sententiarumque
900 2643 1075 2688 connexum
1096 2627 1211 2688 nultum

117 2733 339 2812 necessitatem
359 2734 556 2814 reperiensp
572 2749 632 2812 qua
653 2739 833 2794 accuratum
855 2733 1046 2813 scriptorem
1066 2734 1109 2794 ita
1131 2736 1211 2796 scri-

117 2839 198 2902 bere
218 2843 361 2922 potuisse
381 2841 562 2903 infitiemur.
604 2841 705 2920 Quum
721 2841 788 2923 jam
810 2829 918 2920 pateat
939 2858 977 2901 ex
997 2857 1067 2902 mea
1082 2842 1209 2920 quidem

116 2950 294 3022 sententia,
323 2949 350 3009 si
380 2947 457 3028 quid
484 2949 517 3008 io
543 2947 655 3010 meiius
675 2963 827 3008 revocare
847 2943 975 3010 licuerit
994 2954 1102 3009 nostro
1123 2948 1208 3028 frag·-

116 3062 224 3118 mcnto
252 3057 290 3116 ab
313 3063 502 3136 excerptore
531 3053 826 3134 ceteroquinmale
846 3061 975 3130 rexsto,
1006 3053 1108 3116 hocce
1136 3052 1208 3116 loce

115 3179 223 3240 neque
243 3181 306 3224 uon
326 3163 358 3224 iu
372 3161 453 3224 Pelii
475 3159 630 3242 descripti
649 3160 756 3222 verbis
776 3159 1005 3222 restituendum
1027 3178 1096 3221 csse
1108 3153 1207 3248 μέχρι

114 3287 191 3332 των
220 3260 411 3332 Θετταλῶν
440 3259 604 3352 ἀφορίζω
626 3266 677 3348 (ν)
711 3260 862 3351 Τεμπῶν
891 3265 953 3329 καὶ
981 3270 1044 3330 τοῦ
1066 3259 1208 3352 Μαγυή-
1317 3311 1322 3324 .

113 3395 189 3440 τιον
207 3369 389 3462 Ὁμολίου,
420 3381 521 3438 restat
545 3381 581 3436 nt
607 3375 747 3437 virorum
775 3374 940 3436 doctorum
970 3392 1051 3452 quae
1083 3373 1123 3435 de
1147 3376 1207 3437 Ιιοιι

113 3483 188 3548 Ιοοο
219 3485 361 3566 prolatae
389 3489 462 3546 sunt
488 3483 687 3565 conjecturas
708 3501 906 3558 recenseam,
935 3483 968 3544 iu
997 3483 1109 3562 quibus
1137 3483 1208 3544 iere

113 3591 259 3654 omnibus
279 3591 313 3652 id
327 3597 495 3672 peccatum
517 3608 587 3652 esse
598 3589 703 3652 stetim
718 3588 895 3670 sppurebit‚
918 3587 1002 3667 quod
1018 3607 1088 3650 eum
1103 3589 1207 3652 iocum

113 3713 178 3778 per
197 3715 232 3759 se
252 3698 406 3778 singulum
427 3715 532 3777 neque
552 3713 640 3774 vero,
660 3695 708 3758 oti
721 3694 830 3756 iacere
845 3694 1033 3767 debuerunt,
1053 3713 1124 3756 curn
1144 3696 1208 3756 fine

111 3806 253 3887 prosaici
289 3805 458 3885 stagneoti
486 3804 673 3870 collocutum
707 3802 960 3868 consideravero.
1029 3802 1207 3883 Stephanus

111 3929 156 3976 cx
176 3913 380 3993 sequentibus
400 3912 450 3974 rei
472 3914 614 4000 στομίου
635 3911 686 3974 rei
703 3903 865 3997 Ὀμολίον
887 3909 1116 3974 restituendum
1138 3927 1207 3973 esse

111 4021 312 4098 existimavit,
334 4036 510 4102 quanquam
530 4025 677 4084 neutrum
697 4022 845 4109 accurate
867 4015 1024 4097 qusdrsre
1044 4017 1207 4098 professus

112 4136 176 4207 est,
198 4149 290 4210 quum
312 4129 344 4193 in
364 4131 428 4192 tine
441 4129 611 4213 fragmenti
629 4120 819 4193 Θετταλῶν
842 4129 983 4212 στομίου
1005 4141 1206 4204 requerere

111 4227 314 4324 Μαγνήτων
347 4237 494 4319 στομίου
524 4236 701 4310 diceretur,
737 4223 892 4320 Ομολίον
921 4234 1026 4292 autem
1054 4229 1138 4310 quud
1167 4229 1207 4294 ad

919 4337 969 4414 24
