2716 4724
428 305 844 381 ----·-209-·---⁴

87 515 134 559 uec
148 475 210 560 ἰιι
229 502 333 561 tcmeu
352 499 407 575 ite,
427 503 464 562 ut
483 497 525 572 de
544 497 787 580 peregrinorum
807 501 841 561 et
858 497 1004 580 inprimis
1017 497 1160 564 Rhodio·

85 625 143 668 rum
162 613 317 670 contemtu
331 607 465 671 Athenis
480 605 642 670 ohttueute
654 607 751 670 verhu
763 605 1031 688 interjicereutur.
1060 609 1162 687 Quum

86 714 117 776 cd
134 717 314 778 senteutiam
341 713 539 795 reliquorum
565 733 711 777 versuum
733 720 923 802 argumento
943 715 1162 798 multomagis

86 821 260 884 crediderim
280 823 381 910 virum
402 823 616 886 doctissimum
637 821 806 886 redductum
828 841 927 900 essc‚·
946 841 1038 902 quum
1059 821 1163 886 ducili-

84 936 137 990 tcte
155 923 285 1015 ῥόδοις
297 905 478 993 rocchuti
467 949 501 994 ru
529 933 633 1012 primo
653 949 747 994 uersu
768 949 839 994 cum
856 924 1002 1004 Ῥοδίοις
1023 949 1162 1016 commu·
1175 935 1179 946 ’

84 1038 165 1099 teudi.
213 1041 407 1119 Quanquam
423 1038 602 1122 Stephanus
629 1041 800 1104 ridiculum
828 1045 899 1104 e'sse
919 1041 1162 1115 existiment,

84 1147 105 1206 ιι
122 1150 168 1209 ιιι
188 1139 305 1230 ῥόδοις
325 1165 385 1209 vox
405 1154 553 1228 suspecto
572 1167 677 1212 susem
698 1148 869 1228 praeheret
893 1146 934 1209 de
954 1144 1089 1210 Rhodiis
1109 1145 1161 1210 vel

85 1252 116 1314 de
130 1253 240 1316 Rhodo
262 1255 434 1336 cogitandi.
468 1257 618 1318 Ceterum
632 1257 845 1334 Buttmann,
868 1235 925 1336 qui
941 1255 1073 1324 crudem
1088 1272 1161 1318 oum

83 1360 242 1424 Hermuuno
263 1363 361 1424 hehet
382 1364 568 1428 seutentiam
590 1363 630 1424 de
644 1363 770 1426 Rhodio
790 1363 925 1443 quodum
945 1365 995 1426 his
1016 1363 1159 1428 versibus

83 1469 161 1530 rerhr
179 1469 337 1544 iaciente,
358 1471 441 1535 ilium
464 1473 678 1555 conjecturum
699 1473 825 1537 minime
846 1472 1054 1536 u'ece'sssrisur
1075 1471 1161 1534 crht-
1218 1472 1225 1486 ‘

84 1579 185 1653 iretur,
209 1577 295 1658 quod
316 1578 444 1642 celebre
466 1579 548 1642 Solis
568 1579 683 1642 festum
705 1589 978 1661 commemoratum
999 1579 1160 1642 Rhodium

85 1683 218 1760 quendem
237 1687 336 1766 loqui.
350 1689 426 1750 sutis
447 1679 594 1750 uccurrte
615 1687 783 1768 significet.
835 1686 967 1749 Etiamsi
988 1705 1064 1748 vero
1085 1687 1158 1750 tuce

82 1787 179 1854 clurius
199 1801 336 1876 spueret
357 1793 399 1857 de
412 1793 609 1858 Rhodiorum
628 1793 710 1856 Solis
731 1793 829 1870 cuttu,
850 1793 905 1872 qui
926 1793 1044 1856 ceteris
1056 1791 1159 1882 Gree-
1183 1837 1189 1842 -

83 1899 118 1960 cis
134 1900 261 1964 fortusse
290 1903 403 1964 uiurhrs
433 1900 617 1978 videretur,
650 1919 827 1964 sermonem
855 1918 926 1963 erse
955 1917 1087 1980 cumque
1116 1899 1158 1962 oh

84 2023 185 2070 crucum
205 2010 252 2071 iis·
265 2007 411 2085 irrideri,
431 2010 464 2070 iu
487 2027 555 2070 eom
576 2015 678 2070 tumen
700 2010 807 2088 potius
825 2006 947 2070 decedo
961 2008 1159 2092 seutentiam,

84 2131 132 2191 quc
148 2115 369 2180 Atheniensem
398 2116 449 2180 vet
471 2117 570 2180 stium
587 2116 742 2196 queudrm
765 2116 921 2182 Greucum
942 2115 1050 2178 Rhodi
1071 2133 1158 2178 com·

83 2229 231 2287 uorcutem
251 2223 341 2286 istud
362 2223 445 2290 Solis
473 2226 572 2306 majus
593 2225 737 2294 studium,
750 2224 816 2286 sule
835 2224 1015 2305 perfricare
1036 2224 1158 2306 cogite·

82 2344 143 2391 ιιιι.
177 2333 239 2394 Pro
270 2333 446 2396 certissimo
474 2334 558 2397 cuim
585 2333 784 2394 statuendum
813 2351 883 2395 esse
909 2332 1042 2424 videtur·
1057 2331 1156 2394 hosce

84 2453 145 2514 quos
168 2440 358 2504 illustremus
385 2440 609 2507 vermescere
635 2440 762 2502 fortune
790 2441 873 2502 huuc
900 2441 933 2502 iu
954 2441 1059 2502 locum
1079 2439 1157 2502 reli-

83 2545 203 2620 quiorum
223 2547 542 2612 Dtccecrohicurrum
570 2549 783 2630 immigrasse,
817 2550 862 2610 its
890 2554 926 2609 ut
953 2547 1043 2610 nohis
1071 2545 1157 2608 uultu

82 2657 229 2718 recensitus
248 2658 400 2738 imposito
421 2675 490 2720 esse
512 2663 665 2738 superest
690 2655 731 2720 de
751 2656 945 2730 Athenarum
965 2655 1045 2716 urhe
1066 2655 1156 2734 cogi-

81 2758 158 2822 trudi.
195 2750 294 2848 'Cujus
315 2765 493 2828 sententiae
524 2763 566 2826 de
585 2765 719 2826 veritcte
739 2764 878 2826 Nuehius
898 2771 993 2842 etque
1014 2763 1155 2824 Osruuuc

81 2865 144 2929 mihi
167 2872 513 2952 utic-persuaserunt,
551 2887 727 2951 quenquam
754 2869 835 2932 slter
867 2869 996 2931 alterum
1023 2871 1057 2930 iu
1081 2870 1153 2948 ipso

82 2986 155 3038 terro
174 2979 395 3041 constituendo
416 2983 543 3042 secutus
564 2985 613 3042 ert
639 2980 803 3040 rstiouem.
851 2976 994 3056 Namque
1013 2976 1154 3037 Neehius

83 3095 145 3155 quus
163 3086 220 3148 viri
243 3085 332 3150 docti
353 3087 394 3148 de
416 3088 499 3150 omui
519 3087 581 3150 hoc
602 3087 673 3150 loeo
704 3086 1051 3167 exposuisseuteorum
1073 3083 1153 3146 nihil

81 3187 131 3254 tihi·
145 3193 233 3274 ptrue
255 3196 385 3277 piccere
406 3171 569 3278 professus
589 3213 713 3259 versum
735 3197 870 3276 primum
885 3193 979 3256 tutem
993 3191 1152 3256 exhihuit:

82 3286 149 3386 αόιι
167 3295 266 3376 πόλις
286 3297 362 3366 ἔσθ’
381 3295 531 3391 Ἑλληνὶς
554 3293 713 3389 ἡ.ῥόδων
735 3299 851 3390 δίκην,
882 3301 1027 3382 sequenti
1047 3305 1152 3362 cutem

82 3418 169 3484 semu,
204 3412 299 3498 sicuti
325 3412 520 3492 antiquiores
549 3431 693 3491 quoque,
728 3415 876 3490 quantum
904 3408 1052 3488 equidem
1072 3399 1151 3484 ecio,

82 3521 189 3588 prrcter
203 3517 399 3600 Stephcuum
419 3537 526 3584 omues
547 3518 697 3596 editores,
717 3509 848 3597 ἔχοισα
868 3517 901 3603 ιιι
921 3515 1059 3578 medium
1073 3535 1152 3598 pro·

81 3617 145 3681 tulit.
171 3623 235 3687 Per
256 3616 341 3715 αὕτη
362 3627 545 3690 vocobulum
566 3625 713 3688 Rhodum
733 3625 904 3707 significari
924 3625 1043 3704 statuit,
1063 3619 1151 3708 quod
1282 3627 1287 3640 ‘

81 3737 172 3792 nomeu
192 3735 286 3796 etism
306 3753 366 3816 per
387 3723 506 3828 ῥόδων
534 3736 761 3815 respiceretur.
807 3733 989 3814 Qucuqucm
1020 3727 1096 3814 vero
1126 3725 1147 3816 ἡ

83 3822 214 3910 ῥόδοις”
197 3855 271 3926 ιιηι
293 3833 461 3904 Εόωόίαι
485 3841 638 3922 explicari
665 3844 762 3920 etque
781 3840 901 3921 optimc
923 3837 1053 3904 defendi
1073 3855 1149 3919 pos-

82 3943 119 4000 cet
135 3949 164 4004 et
181 3945 355 4026 simplicior
384 3947 551 4010 verborum
581 3947 732 4010 existeret
762 3948 940 4030 ooujuuctto
969 3965 1059 4028 quum
1082 3944 1150 4006 Ho-

83 4048 212 4114 mericum
241 4053 324 4133 quod
356 4057 537 4136 suspicione
563 4075 625 4118 uon
654 4062 778 4119 cureret
807 4050 915 4140 κόμαι
936 4050 1147 4137 Χαρίτεσσιν

85 4139 199 4233 ὅμοιαι,
221 4159 262 4220 ιι.
283 4159 375 4222 Hom.
395 4161 430 4224 ΙΙ.
451 4183 487 4244 ρ,
508 4161 560 4224 ol.
567 4162 822 4243 ,simpliciorem
842 4168 946 4224 tumen
966 4167 1000 4222 et
1021 4159 1148 4242 etegen-

84 4252 176 4326 tlorcm
187 4261 327 4333 Ntekius.
344 4269 468 4334 censuit
486 4269 676 4352 scripturum
692 4269 836 4359 rutgctrc
849 4266 1012 4354 tectiouiq'
1028 4253 1146 4352 ῥόδοις

898 4378 948 4456 tt
