2728 4720
467 339 591 402 ³-
642 300 718 382 490
768 247 898 350 --'

115 505 304 584 peteteret
325 499 402 562 setis
415 499 559 562 firmetur
571 497 696 578 rotgo·
717 495 814 560 lertio
835 497 896 559 κα1
916 487 1027 584 λιμὴν,
1050 497 1142 577 eujus
1163 498 1234 558 sios
1354 569 1355 588 χ

132 606 273 670 Uerrius
286 596 715 692 uaiodpsooosoribeudom
732 621 802 664 esse
811 603 990 683 suspiostus
1001 607 1059 664 est.
1089 593 1233 689 ὕπειμι
1281 627 1283 632 ·

134 711 272 792 denique
292 711 521 793 siguidortioue
540 703 640 794 prope
668 710 796 786 adesse,
822 709 983 791 subsequi,
1016 714 1051 770 et
1071 709 1102 770 iu
1125 715 1235 770 nostro

133 817 329 900 ingruente,
355 821 439 882 siout
459 818 562 880 simite
585 829 712 898 quoque
734 818 942 898 compositum
964 806 1169 904 ὑπόκειμαι,
1195 817 1238 880 ot.
1354 853 1356 882 ⁴

131 941 175 987 vu
196 925 239 988 74
260 933 293 988 et
314 927 397 1007 opud
427 925 506 988 sitos
527 925 729 1006 geographos
750 925 877 1006 saepius
897 926 1062 1004 reperitur
1088 923 1131 986 oi.
1152 941 1182 984 v.
1204 943 1234 988 e.

133 1031 255 1114 Suyise.
285 1034 403 1114 peripi
425 1031 476 1094 ed.
498 1032 579 1094 Gaii.
608 1033 675 1093 oi.
706 1051 738 1112 p.
759 1030 835 1092 612.
870 1029 933 1094 ὑπ’
962 1023 1071 1116 αὐτὴν
1098 1027 1132 1092 δ’
1163 1022 1238 1095 ἔστι

133 1134 300 1224 ποταμὸς
319 1133 448 1222 Κίνωψ
469 1139 530 1204 καὶ
553 1140 660 1224 νῆσος
682 1129 805 1201 ὕπεστι
826 1128 919 1222 πρὸς
940 1133 1003 1202 τὸν
1025 1131 1207 1222 ποταμόν.

218 1267 263 1312 rs.
281 1248 334 1310 oo.
363 1251 454 1312 Hono
483 1267 625 1325 versum,
662 1267 851 1328 quemquem
882 1248 983 1328 quuiis
1020 1265 1060 1310 ex
1089 1248 1238 1312 eodicuus

132 1356 272 1418 ieotioue
293 1357 452 1418 exhibitus
473 1365 522 1418 est
543 1377 561 1418 s
581 1358 717 1418 metrico
740 1357 865 1418 rotioue
886 1374 1079 1437 magnopere
1101 1356 1238 1434 iuberet,

132 1463 290 1544 integrum
304 1471 408 1524 tsmeu
422 1463 548 1544 reliqui,
560 1464 705 1543 quonium
717 1469 825 1524 noster
839 1469 950 1524 ouotor
966 1465 1123 1543 pessimee
1137 1469 1234 1526 uotse

134 1573 276 1652 scriptor
292 1572 361 1654 jum
376 1573 560 1652 saepissime
576 1565 807 1634 demonstratus
829 1578 887 1646 est,
909 1572 1031 1634 etiamsi
1045 1549 1121 1632 sotis
1135 1590 1239 1652 prout

135 1687 201 1755 est,
233 1699 326 1760 quem
347 1679 480 1742 eundem
500 1681 704 1742 Bottmonuos
726 1681 757 1741 iu
779 1679 885 1740 Jshuii
907 1678 1167 1760 ephemeridibus
1188 1683 1240 1740 ut·

134 1793 211 1870 pote
232 1807 317 1852 surm
339 1790 518 1870 proposuit,
540 1791 670 1870 egregio
690 1789 873 1850 «Cuseuboui
894 1789 1096 1871 ooujeoturor
1117 1774 1241 1872 ἕτερον

135 1891 167 1957 d'.
188 1892 408 1983 Ἀφροδίτης·
432 1885 604 1980 ποταμὸν
626 1889 645 1980 ἡ
668 1883 771 1979 χώρα
795 1890 828 1957 δ’
853 1887 932 1974 ἔχει.

217 2023 262 2068 rs.
282 2004 333 2068 66.
355 2004 520 2085 Vuiputom
553 2003 698 2066 oodioum
726 2003 915 2080 lectionem,
944 2021 1036 2083 quum
1058 2003 1240 2084 Stephouos

136 2117 171 2175 st
196 2112 382 2175 lioisteuius
409 2114 442 2174 iu
462 2113 656 2174 editionibus
685 2113 867 2192 protulere,
899 2105 1040 2198 ἡμερῶν
1067 2106 1154 2172 δέκα
1182 2111 1241 2173 καὶ
1359 2083 1360 2140 3

135 2225 269 2284 νυκτῶν
295 2213 358 2282 δύο
375 2220 506 2283 Vossius
527 2221 560 2280 iu
575 2214 715 2306 ἡμερῶν
738 2210 777 2282 δὲ
798 2222 855 2284 καὶ
877 2207 1013 2294 uuordo
1034 2205 1100 2280 δύο
1122 2220 1241 2280 reetis·

138 2329 216 2392 sime
244 2329 435 2404 immutsvit,
470 2347 561 2408 qoem
591 2330 660 2411 ejus
689 2329 866 2392 doetiosimi
896 2331 957 2390 viri
986 2327 1239 2390 emendetioueru
1360 2352 1361 2412 p

136 2438 337 2500 reoeutiores
367 2431 483 2500 deiude
513 2455 624 2498 omnes
644 2437 787 2500 editores
807 2439 910 2499 secuti
932 2444 1013 2500 suut.
1060 2437 1131 2498 Nou
1154 2439 1240 2498 euim
1360 2431 1361 2462 ³

135 2546 235 2608 ouium
265 2563 417 2625 perquem
447 2545 526 2604 mire
555 2544 758 2626 computandi
785 2543 871 2605 toret
902 2546 1002 2620 ratio,
1040 2564 1100 2624 qus
1130 2546 1242 2625 otique

138 2653 286 2716 distentis
308 2651 419 2712 deoem
435 2649 558 2712 dierum
579 2658 612 2712 et
635 2651 765 2734 duorum
781 2653 919 2714 noctium
942 2671 1011 2714 esse
1032 2652 1244 2731 indiceretur,

136 2759 194 2824 sed
216 2766 250 2821 et
271 2759 412 2838 Soyioois
433 2759 646 2819 testnuouium
669 2759 752 2838 quod
776 2777 846 2821 eoru
865 2759 1017 2822 Vosoioue
1037 2762 1241 2824 correctione

136 2867 215 2930 isoit
236 2887 254 2928 s
274 2885 325 2927 me
346 2866 422 2928 aiibi
444 2864 613 2946 dilegatum
636 2866 898 2928 oonsideruudum
921 2874 979 2928 est.

221 2993 264 3036 vs.
284 2973 336 3036 67.
354 2966 546 3054 ἔχεσθαι
575 2993 668 3036 sensu
697 2977 893 3058 excipiendi,
914 2978 1126 3060 {propinquum
1154 2997 1240 3053 sess,

138 3101 201 3162 quo
218 3083 284 3163 jum
306 3101 402 3164 supro
425 3101 469 3142 vs.
490 3081 532 3142 52
553 3083 829 3162 interpretandum
853 3102 923 3144 esse
943 3084 1119 3159 ridebunt,
1140 3085 1241 3146 etiem

138 3189 224 3269 epod
262 3189 461 3251 Herodotum
498 3195 533 3273 et
568 3191 715 3250 similiter
752 3189 836 3270 opud
861 3191 1032 3254 ‚Plutonem
1067 3189 1108 3251 ei.
1139 3191 1243 3273 Gorg.

139 3313 171 3374 p.
192 3296 264 3356 491.
285 3315 313 3357 e.
342 3297 414 3357 499.
436 3296 466 3358 6.
508 3296 634 3377 Protog.
655 3296 727 3358 619.
749 3317 778 3359 e.
798 3281 874 3359 324.
897 3296 927 3358 d.
971 3297 1056 3358 Meu.
1077 3317 1110 3378 p.
1131 3297 1183 3360 96.
1205 3297 1242 3362 d.

137 3400 188 3462 94.
216 3422 243 3464 u.
271 3402 395 3464 obvium
426 3410 483 3466 est.
535 3402 585 3466 cf.
615 3403 753 3484 Hesyeh.
783 3402 813 3481 1,
842 3425 877 3485 p.
908 3403 999 3468 1664.
1046 3405 1135 3478 Suid.
1163 3412 1187 3466 t.
1213 3405 1242 3484 1,

139 3509 266 3591 poso.
309 3512 414 3592 Etym.
434 3513 480 3578 Μ.
501 3533 534 3594 p.
554 3511 617 3574 662
637 3531 666 3573 v.
689 3501 781 3600 εὐχή.
810 3513 1035 3590 Β..Δ.1,268.
1078 3515 1160 3576 Hiuo
1181 3513 1241 3574 sd·

138 3619 281 3682 verbiuru
304 3608 529 3702 ἐχομένως
559 3629 593 3684 et
621 3623 704 3702 qood
728 3622 842 3684 eodem
862 3641 954 3684 seusu
975 3624 1140 3702 reperitur
1160 3641 1242 3684 neu-

139 3734 223 3789 trum
250 3721 433 3810 ἑχόμενα
463 3749 523 3810 pto
551 3733 714 3806 continuo,
747 3731 895 3815 deindepo
923 3729 964 3792 oi.
987 3729 1135 3810 Apollod.
1147 3729 1240 3792 6161.

139 3835 227 3911 11,ε.
249 3835 278 3898 l.
300 3826 416 3924 ἐπειδὴ
447 3827 486 3898 di
516 3826 557 3900 τὸ
583 3857 646 3900 του
632 3831 915 3912 Δευκαλίωνος
942 3823 1240 3922 διεξεληλύθαμεν

140 3931 461 4030 γένος,ἐχομε’νως
489 3938 642 4034 λέγωμεν
670 3935 711 4008 τὸ
737 3940 878 4029 Ἰνάχου.
920 3945 1032 4022 111,1.
1061 3929 1241 4034 spopioog

105 4122 111 4134 .
139 4041 294 4135 λέγωμεν
317 4053 376 4116 κα1
398 4042 442 4114 τὰ
464 4055 546 4137 περὶ
564 4049 760 4144 Ἀγήνορος.
907 4059 912 4066 ’

222 4177 266 4220 ve.
286 4159 337 4222 68.
366 4160 469 4224 Pro
451 4157 696 4241 υπόκειται,
726 4165 809 4244 quod
832 4184 871 4226 ex
891 4135 1101 4226 Hervortieuo
1124 4162 1238 4226 codiee

141 4263 350 4330 Hoesohsiius
378 4271 511 4349 protulit
538 4277 571 4334 et
601 4272 771 4338 Vuiosuius
805 4273 922 4337 deiude
958 4280 992 4336 et
1020 4272 1092 4384 fere
1127 4291 1238 4334 omues
