2720 4724
548 1167 689 1282 Capeti
716 1198 890 1252 nonum.

343 1353 402 1411 lio
426 1324 697 1432 geographicis
715 1339 952 1412 Dicaearchi
974 1355 1100 1412 lihris.

649 1539 796 1562 -ι-ιιιψ-ιι

176 1677 430 1758 Dicaearchum
460 1693 675 1777 geographiae
703 1679 906 1776 preacipoam
937 1709 1068 1772 operum
1096 1691 1272 1767 meurisse,'

170 1801 239 1882 jam
259 1819 355 1884 supra
377 1819 415 1863 ex
435 1802 590 1864 nonnullis
611 1795 806 1883 fragmentis
826 1821 908 1881 quae·
935 1799 975 1861 ad
995 1795 1084 1864 Βίου
1114 1794 1174 1886 τῆς
1190 1793 1268 1862 Ἐλ-

116 1961 118 1969 .
175 1897 287 1982 λα’δος
307 1903 474 1971 referenda
491 1909 718 1992 judicavimus,
735 1902 770 1992 ¹)
808 1910 891 1970 sicut
922 1928 961 1970 er
989 1909 1058 1970 aiiis
1080 1907 1268 1988 quibusdam

177 2035 257 2096 quoe
285 2037 354 2077 cum
385 2009 531 2078 distincte
561 2015 655 2098 hujus
686 2018 794 2096 operis
823 2019 1115 2078 commemoratione
1143 2023 1269 2077 servate

58 2132 62 2144 ·
175 2123 297 2204 sunt²)
320 2121 532 2202 colligendum
554 2123 739 2184 censuimus.
789 2105 1032 2184 considerantes
1060 2141 1158 2202 porro
1181 2121 1268 2202 quod

175 2230 208 2292 iu
229 2229 319 2292 libris
339 2231 560 2311 manuscriptis
587 2236 734 2310 superest
763 2235 796 2289 et
820 2229 923 2308 aliqua
952 2231 1061 2290 saitem
1081 2231 1203 2290 ratione
1225 2227 1267 2290 ad

175 2319 263 2400 Bthu
287 2335 347 2422 τῆς
365 2325 533 2410 Ἑλλάδος
554 2339 695 2418 pertinet
724 2319 1121 2426 fragmentumhmaximem
1142 2343 1267 2416 purtem

176 2447 422 2528 geographicum
445 2463 514 2506 esse
535 2443 817 2524 deprehendimus,
839 2463 878 2506 eo
900 2452 1002 2506 nmen
1025 2445 1206 2506 discrimine
1226 2443 1267 2505 uh

178 2552 244 2613 diis
266 2548 488 2632 geographicis
510 2552 704 2630 antiquitatis
725 2551 892 2635 operibus,
928 2554 964 2611 ut
991 2569 1053 2612 non
1073 2540 1185 2631 puram
1206 2569 1267 2630 pu-

178 2664 239 2719 tum
260 2658 413 2734 iocorum,
432 2659 555 2720 urbium
578 2665 637 2719 etc.
660 2659 941 2734 enumerationem,
961 2658 1018 2719 aed
1039 2661 1138 2720 vivam
1159 2659 1267 2739 potius

180 2783 296 2826 morum
320 2772 352 2827 et
372 2755 874 2829 institutorumadumbrationem
896 2757 1080 2846 proponat(
1111 2767 1159 2828 lto
1188 2785 1267 2846 quo·

177 2891 247 2954 quc
261 2875 321 2935 hoc
343 2875 375 2938 iu
395 2873 590 2955 fragmento,
620 2875 709 2956 cujus
741 2873 781 2934 de
802 2875 914 2935 critico
936 2873 1044 2936 hahitu
1065 2869 1160 2954 paulo
1182 2873 1268 2936 iufra

181 2962 352 3068 acourptius
374 2982 602 3062 disputabitur,
623 2964 850 3047 Dicaearchum
872 2998 942 3042 cum
964 2976 1086 3044 ratione
1106 2963 1141 3042 et
1160 2982 1268 3044 studio

182 3089 392 3166 quaestionem
415 3089 455 3151 de
477 3088 632 3150 Graeciae
653 3087 768 3148 finibus
789 3091 974 3148 tractantem
996 3086 1191 3167 reperimus,
1212 3109 1268 3150 ne-

112 3277 115 3281 ,
182 3213 243 3274 quc
264 3213 325 3256 uon
343 3179 418 3257 iude
439 3197 594 3258 efficimus
615 3195 781 3275 regiones,
812 3213 888 3272 quus
910 3194 1080 3271 describit,
1116 3196 1269 3277 plurimes

180 3304 281 3380 ipsum
312 3303 440 3379 adiisse,
478 3290 568 3386 'cujus
594 3303 643 3363 rei
677 3322 696 3362 a
726 3302 885 3363 reterihus
915 3304 1107 3383 geographis
1135 3305 1269 3366 marina

180 3409 262 3467 ratio
281 3409 422 3471 habenda
443 3419 520 3473 erat.
542 3406 579 3494 ³)
622 3406 686 3472 Nos
708 3426 834 3492 quoque
856 3411 918 3490 ipai
937 3413 998 3487 jam
1019 3423 1116 3490 supro
1143 3411 1177 3472 in
1204 3413 1269 3472 uita

181 3512 332 3575 Messenii
355 3513 533 3598 philosophi
554 3497 641 3578 iocos
662 3517 885 3611 indicavimus,
915 3519 947 3578 io
971 3517 1082 3596 quibua
1104 3535 1175 3578 eum
1196 3535 1268 3578 rcr-

181 3625 281 3682 autum
304 3637 372 3680 esse
394 3640 452 3698 pro
473 3631 559 3684 certo
582 3629 724 3684 statuere
742 3611 914 3704 possumus.
937 3616 974 3710 ⁴)
1016 3623 1129 3686 Strabo
1150 3623 1268 3686 deinde

183 3727 303 3804 aliquot
329 3726 407 3786 loeis
439 3729 651 3809 geographum
688 3726 815 3792 disertis
845 3731 949 3792 verbis
979 3731 1148 3793 nominavit
1166 3725 1204 3816 ⁵)
1235 3737 1269 3792 et

183 3835 297 3896 Cicero
320 3835 389 3915 ejus
411 3851 508 3912 opera
536 3854 574 3895 eo
605 3839 799 3917 potissimum
825 3844 970 3918 tempore
998 3839 1170 3915 lectitavit,
1205 3857 1268 3918 quo
1349 3851 1350 3867 ³

182 3936 253 4021 ipse
274 3939 315 4000 de
337 3938 560 4018 componendis
580 3943 668 4006 libris
694 3945 918 4027 geographicis
946 3951 980 4009 et
999 3946 1160 4010 historicis
1180 3947 1270 4029 cogi·

182 4051 275 4110 tahat.
298 4041 334 4130 ⁶)
366 4045 463 4108 idem
493 4057 657 4126 praeterea
677 4052 791 4114 cicero
811 4051 1041 4115 Dicaearchum
1069 4053 1109 4116 dc
1134 4073 1270 4136 geogru·
1348 4093 1349 4119 i

79 4161 83 4170 '
182 4156 278 4237 pinca
300 4155 432 4246 quadam
454 4155 648 4235 expositione
669 4165 828 4222 auctorem
851 4157 1005 4241 allegavit.
1025 4157 1062 4246 7)
1103 4161 1271 4225 Praestru-

181 4264 333 4326 tissimum
361 4270 465 4326 autem
495 4263 564 4346 ejus
594 4279 672 4344 opus
698 4267 963 4350 geogrephicum
1000 4269 1146 4360 quoniam
1178 4263 1269 4334 Βίου
