2728 4720
452 335 825 413 *521*-

175 551 220 596 vs.
241 531 311 596 lid.
332 529 456 608 Naana,
479 533 611 614 quaeh.
632 533 654 595 l.
674 535 758 596 luter
778 529 955 615 Sporades,
976 533 1115 614 alioquin
1135 537 1183 600 tn·

84 647 144 704 ter
171 640 326 723 Cyclades
353 641 495 704 refertur
522 639 565 702 ci.
586 641 674 704 Suid.
695 647 717 704 t
737 642 781 720 ll,
808 664 839 724 p.
860 637 932 703 596.
962 639 1021 704 καὶ
1040 633 1189 718 Κυκλάς,
1307 644 1309 647 ’

85 741 132 814 δὲ
152 746 258 840 νῆσος
287 745 453 836 ἐπίσημος
474 746 495 831 η’
519 737 651 824 Νάξος,
672 750 754 810 sicut
772 748 913 811 Marxius
933 767 1069 845 quoque
1089 749 1121 810 lr.
1143 749 1185 812 ad

84 861 112 922 l.
135 860 289 937 Theram,
312 877 404 940 quam
425 858 573 940 plerique
595 857 788 938 Sporadilrus
809 859 1016 938 assignarent,
1038 877 1056 919 a
1076 864 1185 938 poste-

83 968 173 1030 riori
207 951 366 1048 scriptore
392 966 426 1028 iu
456 963 626 1045 cycladum
655 983 787 1026 numero
815 966 975 1046 collocari·
996 971 1029 1026 et
1058 967 1193 1029 omniuo·

85 1075 248 1158 Cyclades
269 1081 302 1137 et
322 1073 482 1156 Sporades
502 1075 587 1136 iuter
607 1091 641 1134 ae
663 1093 726 1134 non
748 1078 897 1143 accurate
917 1072 1055 1136 discerni
1075 1075 1183 1137 solitas
1306 1087 1307 1090 ’

84 1183 191 1246 fuisse
211 1183 379 1254 adnotavit
420 1181 512 1261 Quod
526 1180 644 1262 Scyrus
657 1199 733 1242 vero
747 1181 908 1262 Pelasgica
923 1181 1050 1258 dicitur,
1070 1183 1183 1252 rectis·

83 1293 169 1356 sime
188 1291 284 1354 habet
305 1309 437 1370 eamque
458 1291 491 1352 iu
508 1309 580 1356 rem
600 1307 661 1350 non
682 1287 782 1350 solum
803 1288 948 1369 Thucyd.
968 1289 993 1363 1,
1012 1288 1062 1350 98.
1083 1289 1182 1374 πρῶ·

86 1419 154 1463 τον
182 1389 244 1484 μὲν
262 1390 383 1461 Ἠϊόνα
404 1387 466 1474 τήν
496 1393 553 1461 ἐπὶ
573 1383 749 1480 Στρυμόνι
772 1389 907 1482 Μήδιον
924 1389 1093 1478 exdram»
1115 1413 1180 1460 τιο-

87 1499 230 1592 λιορκίᾳ
246 1495 341 1569 εἷλον
355 1505 416 1569 καί
429 1493 696 1589 ἠνδραπόδισαν
709 1495 879 1588 Κίμωνος
899 1501 964 1565 τοῦ
985 1496 1182 1566 Μιλτιάδου

87 1612 377 1699 στρατηγοῦντος.
400 1603 521 1674 ἔπειτα
542 1607 678 1692 Σκύρον
698 1601 760 1698 τήν
780 1603 817 1673 ἐν
840 1608 890 1690 τῷ
903 1607 1042 1694 Αἰγαίῳ
1064 1612 1184 1696 νῆσον,

84 1713 137 1810 ἢν
159 1714 298 1802 ᾤκουν
318 1715 537 1794 Δόλοπες,
559 1709 826 1804 ἠνδραπόδισαν
848 1721 909 1780 καὶ
924 1711 1054 1800 η’ίκισαυ
1070 1717 1182 1794 αὐτοί,

85 1829 148 1894 aed
169 1833 264 1893 etiam
284 1832 383 1912 magis
405 1828 544 1890 distincti
563 1833 672 1903 testes,
692 1834 728 1890 ut
747 1827 871 1909 Scymu.
893 1828 951 1890 cu.
972 1845 1016 1890 va.
1033 1827 1096 1894 582
1109 1847 1181 1910 sqq.

84 1925 151 2022 τήν
173 1930 308 2020 Σκύρον
336 1912 452 1998 δίκα)
478 1923 547 2018 Τὴν
568 1931 726 1997 Σκίαθον
754 1929 791 1996 ἐκ
819 1924 959 2022 Θράκης
980 1926 1178 2013 διαβάντες,

86 2039 137 2118 ὠς
158 2037 272 2125 λόγος,
294 2039 548 2125 Πελασγιῶται,
568 2041 709 2104 conferri
729 2049 870 2122 possunt.
912 2043 1016 2122 Quare
1037 2062 1098 2104 non
1120 2051 1179 2121 est,

86 2133 175 2230 quod
195 2152 320 2233 vulgata
339 2155 447 2212 nostro
475 2150 546 2211 loco
567 2149 664 2210 lectio
686 2141 863 2232 Πελασγία
884 2153 955 2211 cum
977 2149 1096 2211 codicia
1118 2151 1179 2213 Ca-

74 2259 269 2345 ·aaubonlani
283 2258 441 2338 scriptura
455 2252 613 2338 πελαγία,
635 2273 725 2336 quum
741 2255 895 2318 nonnullis
911 2257 1067 2338 placuisse
1091 2259 1177 2319 Hoe-

88 2365 228 2429 uehelius
248 2356 370 2439 refert,
391 2371 610 2427 commutetur.
653 2365 746 2428 Quod
767 2385 844 2426 vero
865 2365 902 2426 alr
923 2366 983 2426 hac
1005 2350 1104 2426 insula
1125 2385 1176 2427 re·

82 2474 222 2552 petitum
251 2475 284 2536 in
306 2456 500 2561 Graecorum
530 2492 586 2534 ore
612 2473 797 2534 versabatur·
819 2474 1021 2552 proverbium
1043 2471 1174 2554 Σκυρία

83 2577 179 2667 δίκη,
199 2599 268 2644 uon
281 2586 344 2643 tam
365 2581 403 2642 alr
425 2581 570 2657 universo
590 2579 764 2641 incolarum
784 2579 858 2640 rudi
880 2587 913 2640 et
933 2579 1051 2642 inculto
1073 2600 1176 2656 sensu,
1303 2581 1305 2586 ’

85 2708 179 2768 quam
208 2695 348 2750 amunte
369 2687 488 2749 Thesei
513 2687 573 2749 lrac
600 2687 634 2748 in
654 2687 755 2747 insula
774 2687 929 2747 violenter
948 2687 1097 2748 trucidati
1120 2687 1176 2748 de·
1233 2712 1235 2717 ·

73 2783 250 2857 'rivaudum
264 2787 330 2871 eat,
351 2793 391 2854 ad
404 2793 524 2854 fabulas
538 2794 644 2873 potius
659 2813 750 2872 quam
772 2793 810 2853 ad
825 2793 987 2854 historiam
1000 2799 1174 2873 spectante.

83 2903 135 2966 Ad
165 2904 327 2965 metricam
346 2902 494 2981 *denique
515 2901 608 2982 hujus
639 2908 672 2962 et
692 2903 889 2980 sequentium
910 2919 1054 2962 versuum
1071 2885 1173 2963 satio·
1208 2916 1210 2921 ’

81 3029 154 3072 nem
174 3009 399 3072 restituendam
423 3009 477 3070 alti
503 3009 563 3070 alia
591 3009 808 3089 protulerunt:
837 3009 881 3070 ita
902 3008 1048 3084 Voaasiu,
1078 3027 1172 3088 quem
1296 3031 1298 3035 ·
1333 3013 1334 3016 ’

81 3116 204 3178 (duilius
225 3116 340 3178 deinde
360 3121 486 3178 secutus
500 3120 559 3187 est,
579 3113 778 3196 provulgata
798 3097 983 3194 ἀπέχουσα
996 3107 1072 3189 Ἴος,
1094 3105 1170 3177 εἶτα
1282 3138 1284 3140 ·

81 3215 227 3301 Νάξος·
257 3213 348 3309 μετά
369 3217 497 3310 ταύτην
518 3223 686 3305 legendum
706 3225 890 3304 proposuit:
911 3218 1077 3302 άτιέχουσ
1094 3217 1169 3300 Ἱος,
1242 3239 1244 3245 ·

82 3320 158 3394 εἶτα
187 3320 326 3408 Νάξος·
347 3321 420 3394 εἶτα
443 3327 483 3393 Π.
506 3329 566 3395 Σκ.
594 3332 803 3410 similiterque
824 3331 990 3394 Salmasius
1011 3331 1049 3393 ad
1072 3331 1170 3394 Solia.
1251 3412 1252 3415 Ἴ

80 3459 115 3522 p.
137 3439 200 3501 ltu
226 3459 286 3523 pro
314 3430 404 3529 μετά
431 3434 559 3522 ταύτην
580 3439 789 3521 fscrlbendum
820 3443 988 3520 praecepit
1019 3430 1106 3502 εἶτεν
1135 3435 1182 3526 ἡ.

81 3547 230 3610 Ceterum
258 3549 286 3610 ai
314 3547 496 3630 corrigendi
522 3549 739 3610 necessitatem
767 3554 969 3628 perspectum
999 3549 1031 3609 in
1059 3554 1167 3611 nostro

78 3656 235 3737 scriptore
263 3656 433 3732 haberem,
470 3657 648 3716 Buttmauni
681 3645 949 3718 emendationibus
982 3654 1075 3738 hujus
1102 3656 1167 3717 loci
1211 3650 1213 3656 ’

79 3763 213 3843 palmam
234 3763 352 3826 offerre
367 3783 429 3825 non
445 3763 638 3824 dubitarem:
661 3750 830 3841 άττὲχονά
846 3751 922 3837 Ἴος,
945 3751 1017 3824 εἶτα
1033 3751 1166 3838 Νάξος,
1229 3763 1239 3836 ζ
1282 3757 1283 3760 ’

80 3859 153 3932 εἶτα
179 3867 354 3954 Πελασγία
379 3865 540 3954 [Σκάρος
570 3865 648 3936 κατ’
676 3863 835 3944 Εὔβοιαν
863 3867 894 3933 δ’
916 3866 1068 3960 ,ὁρῶμεν
1099 3887 1165 3932 κει·
1255 3885 1257 3892 ’

78 3970 197 4068 μένην]
227 3967 336 4064 αὐτόν
362 3978 476 4065 (quod
498 3980 618 4042 Gallius
638 3979 731 4061 plane
754 3980 877 4057 omisit,
905 3999 998 4060 quum
1018 3980 1051 4041 in
1071 3995 1166 4058 prae·
1275 3959 1279 3964 ⁵

80 4087 206 4151 cedenti
219 4106 311 4151 versu
325 4087 563 4170 hypermetrum
578 4085 701 4169 esset)·
724 4079 797 4152 άντό
820 4071 945 4173 ταύτης
966 4082 1059 4148 ἐστίν
1082 4075 1165 4149 ἀτί·

79 4194 177 4276 γυυσ
202 4191 244 4260 οὐ
265 4187 359 4261 πολό
381 4215 410 4260 κ.
432 4217 461 4260 τ.
483 4191 514 4260 λ.
798 4201 801 4208 ’
