2728 4720
540 218 971 347 *ιιι-ω’

181 463 330 547 adjacere
358 480 422 527 non
450 453 531 526 bene
559 464 642 524 tradi
670 471 703 524 et
732 463 838 526 hiatus
869 465 903 526 in
924 462 1029 526 verbis
1056 450 1217 540 ἐξιόντα,
1247 441 1278 546 ᾦ

180 593 272 654 quam
293 573 430 654 pessime
450 592 486 634 se
507 573 624 634 hebere
646 572 799 634 videntur.

260 701 306 745 vs.
325 682 378 744 48.
400 684 499 746 Quam
515 689 588 762 post
603 660 697 762 r'spo'v
712 679 881 760 aliquando
902 679 1166 744 addideruntviri
1189 681 1276 756 docti

162 788 321 866 ¹‘autonium
343 786 381 852 δὲ
409 809 519 852 versus
541 797 576 852 ut
605 789 731 850 videtur
756 788 789 850 in
810 787 923 850 melius
943 787 1162 850 conformandi
1184 805 1276 850 eausa

178 917 282 978 neque
303 905 493 960 tamencum
513 917 622 960 sensus
636 898 820 977 integritate
841 897 918 958 sotis
938 915 1119 978 congruam,
1139 896 1276 977 Stepho-

176 1024 235 1068 nus
256 1024 317 1067 non
339 991 474 1084 pro'tulit
494 1013 527 1065 et
548 1005 785 1078 Buttmannum,
817 1021 913 1084 quum
934 1003 966 1066 in
987 1003 1128 1066 editione
1149 1005 1276 1085 poscis-

177 1119 243 1189 ιιι,
270 1115 303 1174 in
324 1113 429 1176 Jahnii
452 1113 568 1174 deinde
591 1111 852 1194 ephemeridibus
870 1113 986 1174 merito
1008 1113 1151 1194 abegisse
1173 1112 1277 1176 video.

175 1221 263 1284 ldem
284 1227 389 1284 autem
418 1224 466 1282 vir
488 1222 686 1284 doctissimus
707 1221 863 1284 Marxium
891 1239 954 1282 non
975 1219 1129 1282 refutavit
1150 1240 1277 1284 sacrum

178 1331 233 1408 qui
254 1330 307 1394 bic
329 1335 590 1391 commemoratus
611 1335 659 1390 est
680 1330 713 1392 in
736 1329 902 1392 Ambracia
923 1329 1056 1410 regione
1077 1336 1215 1390 montem
1238 1329 1277 1390 ad

175 1439 338 1528 Strabonis
364 1437 459 1498 verba
486 1439 519 1498 in
549 1438 712 1516 Nicopolis
742 1437 960 1518 descriptione
988 1437 1010 1498 l.
1043 1436 1119 1513 vlt,
1151 1457 1182 1517 p.
1204 1421 1280 1502 325.

173 1544 211 1608 ἑν
245 1547 296 1626 τῷ
326 1533 559 1632 ιῖιτιρκειμένῳ
589 1546 653 1608 τοῦ
683 1537 814 1620 ἄλσους
849 1539 933 1629 ἱερῷ
962 1537 1066 1630 λόφῳ
1096 1545 1274 1606 rectissime

176 1654 379 1716 referentem.
422 1655 466 1716 Ut
487 1655 569 1716 enim
592 1654 778 1718 Buttmanno
800 1653 941 1718 concedo
955 1653 1152 1718 Ambracium
1175 1654 1275 1733 ipsam

178 1782 241 1824 non
264 1762 396 1824 eandem
418 1781 489 1825 eum
511 1765 685 1842 posteriori
705 1763 855 1844 Nicopoli
883 1763 994 1827 urbem
1014 1762 1112 1823 fnisse
1135 1767 1169 1822 et
1189 1762 1276 1822 inco·

176 1871 223 1934 las
243 1871 457 1934 tantummodo
480 1873 665 1934 Ambraciae
687 1873 725 1934 ab
747 1875 889 1954 Angusto
911 1871 1080 1951 Nicopolin
1102 1871 1275 1949 transposi·
1356 1935 1357 1970 ἢ

175 1986 225 2042 ιιι
246 1979 345 2042 fuisse
365 1980 540 2066 statuenti,
556 1981 599 2040 ita
620 1977 802 2061 Nicopolis,
823 1998 998 2058 quanquam
1020 1977 1060 2038 ad
1080 1995 1167 2038 mare
1193 1969 1275 2038 lont-

175 2105 246 2150 oum
267 2087 337 2162 sita,
359 2086 545 2150 Ambraciae
558 2088 705 2166 antiquae
719 2085 821 2146 vicino
836 2085 956 2154 exstitit
977 2089 1010 2145 et
1032 2083 1072 2144 ad
1087 2077 1275 2166 πρόσεστιν

79 2265 82 2270 ,
129 2197 131 2202 ’
175 2213 248 2269 non,
270 2195 530 2267 ut‚Buttmanuus
551 2195 687 2273 putavit,
709 2192 831 2253 dativus
850 2186 1031 2273 Ἀράχθῳ,
1053 2190 1120 2266 sed,
1142 2192 1170 2252 si
1194 2191 1274 2270 quis,

177 2299 300 2360 dativus
328 2298 370 2382 τῇ
390 2296 585 2382 Ἀμβρακίᾳ
615 2307 721 2362 mente
743 2299 939 2381 sdchiendus
962 2305 1018 2361 est.
1069 2300 1157 2377 Quae
1181 2318 1276 2378 quum

177 2410 221 2468 ita
242 2409 314 2483 sint,
335 2409 397 2488 jam
419 2409 624 2488 perspicuum
646 2413 716 2482 est,
737 2405 813 2486 quid
836 2405 876 2466 de
898 2406 947 2466 bis
971 2405 1149 2468 Buttmauui
1168 2407 1275 2481 verbis
1356 2403 1357 2486 l

171 2515 379 2598 judicandum
408 2517 469 2577 alt:
502 2523 664 2590 „ceterum
693 2515 778 2594 opud
806 2514 902 2580 elium
930 2515 1121 2594 scriptorem
1150 2533 1275 2577 sacrum
1356 2489 1357 2542 Τ

177 2631 313 2686 montem
335 2623 375 2684 od
396 2623 593 2686 Ambraciam
616 2629 820 2684 memoratum
843 2639 903 2682 non
920 2623 1081 2687 'inveniof‘

260 2750 303 2798 ιι.
324 2732 376 2792 45.
396 2722 600 2810 Ὁριίται,
634 2729 719 2808 quod
741 2731 774 2791 in
796 2731 951 2810 Stephani
973 2731 1113 2794 editione
1135 2737 1169 2792 et
1191 2728 1283 2810 apud·

175 2837 378 2900 Holstenium‘
412 2854 539 2916 quoquc
574 2835 725 2912 habetur,
756 2855 773 2896 o
803 2837 986 2898 casaubono
1016 2837 1048 2896 in
1076 2824 1276 2918 Ὀρέσται

176 2951 397 3007 commutatum
418 2945 526 3022 itaque
548 2961 566 3002 c
586 2943 819 3013 recentioribus
840 2943 982 3018 Murrio,
1004 2943 1107 3004 Goilio
1130 2950 1163 3004 et
1186 2945 1275 3005 liutt-

178 3073 290 3132 maono
317 3059 408 3114 recte
437 3049 594 3131 prolatum
625 3057 698 3118 ost.v
744 3051 790 3110 lle
820 3051 1002 3112 Orestarum
1035 3057 1131 3131 geste
1159 3051 1274 3112 Strabo
1356 3057 1357 3092 ³

176 3161 199 3224 l.
221 3161 293 3239 v11,
314 3181 346 3242 p.
368 3159 431 3222 820
451 3161 507 3220 ito
525 3160 672 3222 disserit:
705 3153 900 3243 ἠπιιραῖται
922 3153 953 3220 δ’
987 3155 1051 3220 cc'ot
1073 3156 1132 3220 καὶ
1149 3155 1273 3242 'Appl-

175 3263 278 3350 λαχοι
299 3270 358 3333 καὶ
378 3299 421 3315 -
440 3256 600 3348 'Ope'orcr
615 3297 654 3312 -
676 3257 812 3346 λέγεται
835 3255 874 3326 δὲ
900 3257 967 3348 τὴν’
980 3255 1188 3348 Ὀρεστιάὸα
1210 3286 1270 3330 κα·

174 3922 259 3979 ιιιιι
280 3933 359 3996 prae
380 3913 505 3995 pudore
525 3913 700 3994 fugientem
722 3912 985 3974 cumilermione
1005 3913 1038 3974 in
1059 3911 1141 3973 harto
1163 3913 1275 3992 regio·

173 4043 245 4084 nem
273 4023 414 4095 venisse,
442 4018 606 4098 liliumque
628 4019 773 4080 Orestem
801 4020 967 4100 genuisse,
998 4037 1060 4099 quo
1090 4019 1274 4099 imperante
1356 4061 1357 4120 ι

36 4211 41 4218 .
172 4127 305 4188 Orestae
326 4125 478 4206 nppeltsti
499 4125 620 4186 luerint
639 4125 773 4186 incolae.
818 4127 895 4187 Utnt
916 4131 983 4201 ost,
1013 4142 1086 4188 oum
1108 4123 1216 4188 (isilio
1239 4131 1275 4190 et
1356 4133 1357 4138 ’

171 4231 358 4318 Buttmanno
385 4232 447 4294 hoc
477 4230 547 4293 loco
576 4230 885 4297 animadvertendum
914 4251 985 4298 osse
1010 4232 1143 4316 judico,
1179 4231 1271 4316 quod
1356 4315 1357 4334 ἢ

39 3379 65 3460 s
176 3383 316 3456 ιασχιῖν
345 3393 434 3440 ποτε
455 3365 635 3462 Ὀρέστας,
664 3366 803 3456 φεύγων
832 3363 894 3436 τὸν
923 3371 984 3460 τῆς
1005 3364 1137 3457 μητρὸς
1159 3368 1273 3456 φόνον
1356 3417 1357 3454 5

59 3570 60 3573 Ἴ
84 3483 86 3486 ’
176 3479 458 3548 calcaverimus
480 3473 670 3566 ἐπώνυμοι
691 3473 828 3552 ἑαυτοῦ
843 3469 903 3566 rp'o
925 3474 1066 3565 χώραν,
1096 3483 1215 3544 κτίσαι
1236 3471 1273 3543 δὲ

90 3663 91 3666 ¹
123 3639 143 3678 :¹
175 3582 375 3671 καὶπόλιι,
397 3581 582 3652 καλεῖσθαι
602 3583 636 3650 δ’
661 3577 767 3674 αὐτὴν
784 3582 907 3670 Ἀργος
925 3576 1142 3670 ’οριστικόι,
1167 3608 1274 3668 quum,

60 3744 63 3748 -
86 3705 88 3710 ’
140 3729 141 3732 “
174 3700 335 3780 Stephano
358 3705 467 3760 contra
487 3697 659 3779 Byzantlno
681 3703 784 3772 teste,
801 3697 987 3777 'l'heagenes
1009 3691 1218 3780 (Rheginos,
1239 3703 1274 3760 ut
1356 3709 1357 3718 ’

174 3807 366 3870 verisimile
388 3797 458 3893 est)
487 3812 597 3880 auctor
620 3807 667 3868 sit
688 3805 832 3866 Orestem
863 3819 958 3884 quum
979 3804 1099 3866 insania
1117 3803 1275 3868 liberatus
1356 3807 1357 3876 l
