2734 4718
536 312 635 326 ··-‘·
687 280 910 356 386—-

179 479 276 546 lleno
303 475 473 542 Thrasius
503 473 628 538 Soersti
656 473 838 554 qurereutis
866 461 990 560 Ἕλλην
1020 461 1085 558 pto
1113 467 1186 536 ders
1214 470 1275 538 eet

179 580 361 672 δλληνίζοις
382 584 573 667 respondet:
595 575 689 648 πάνυ
710 600 749 666 ys
765 569 927 668 σφόδρα·
950 568 1185 670 οἰκογενής.
1218 581 1275 644 δί·

178 693 325 758 csesrchi
352 693 450 774 igitur
480 693 665 755 sententiam
694 707 774 770 quse
805 689 893 762 omui
907 687 982 752 huie
1004 687 1081 751 loco.
1098 689 1182 752 inest
1203 707 1274 750 enm

175 802 275 866 fuisse
296 804 421 883 cogito:
443 820 501 881 pro
517 800 702 862 Hellenibus
716 799 859 882 propriis
872 797 1063 880 judicandos
1078 816 1148 860 esse
1161 799 1274 878 prexi-

175 927 244 972 mos
263 910 363 991 ipsius
377 907 519 970 Hellenis
540 913 573 969 et
593 907 722 986 colonos
743 911 776 968 et
797 909 944 986 posteros
964 905 998 968 ln
1015 905 1198 968 Thessaliae
1220 923 1274 966 re-

175 1009 465 1098 gione'signidcata
484 1014 671 1089 habitantes,
693 1013 815 1094 qnippe
836 1013 892 1092 qni
912 1017 946 1074 et
966 1012 1093 1093 generis
1115 1013 1273 1094 originem

175 1123 215 1186 ιδ
236 1123 371 1184 Hellcne
390 1125 578 1202 repeterent
598 1125 635 1182 et
651 1120 759 1200 lingue
780 1119 945 1181 Helleniea
964 1124 1148 1182 uterenturr
1169 1119 1272 1180 Athe-

173 1229 304 1292 uienses
321 1229 404 1290 enim
433 1227 488 1306 qui
508 1233 542 1287 et
561 1244 680 1308 genere
700 1225 852 1286 Hellenes
880 1245 943 1288 non
964 1232 1068 1317 essem
1089 1232 1123 1286 et
1143 1224 1274 1304 lingnee

173 1339 316 1418 speciem
331 1336 468 1400 Atticam
490 1341 680 1414 usurparent
700 1333 763 1396 hue
783 1353 845 1395 non
864 1333 1054 1396 referendos
1075 1352 1145 1395 esse
1165 1352 1273 1412 neque

173 1443 346 1508 Dorienses
360 1462 471 1524 ineque
492 1443 622 1506 Aeolios
642 1461 747 1522 neque
768 1443 877 1518 lones,
899 1443 954 1522 qui
976 1459 1151 1522 quenquam
1172 1441 1272 1520 origi·

173 1571 247 1616 nem
268 1553 464 1616 Hellenicem
490 1569 570 1632 pree
598 1567 633 1612 se
662 1551 787 1612 ferrent
816 1550 960 1612 dialectis
980 1557 1085 1612 tamen
1104 1555 1272 1612 uterentur

174 1659 310 1738 Dorice,
338 1659 472 1724 Aeolica
492 1665 525 1720 et
545 1659 659 1720 Ionica.
706 1659 851 1722 Attamen
874 1658 1053 1739 posteriora
1072 1655 1152 1718 hsec
1173 1656 1272 1716 eerhs

175 1755 295 1853 ὥσπερ
325 1763 477 1853 Δωριεῖς’
506 1755 571 1849 μὲν
598 1761 635 1828 ολ
660 1753 734 1828 ἀπὸ
756 1755 888 1848 Δώρου
911 1765 952 1847 τῇ
974 1760 1079 1850 φωνῇ
1100 1758 1272 1845 δωρίζον-

176 1888 229 1938 σιν
251 1894 352 1956 usquc
373 1873 414 1936 ad
435 1865 561 1958 φύντες
581 1873 621 1935 sd
641 1871 828 1954 explicanda
848 1877 967 1936 tentum
980 1872 1076 1934 rethe
1087 1864 1273 1958 Ἀθηναῖοι
1359 1935 1360 1958 ¹

174 1987 252 2056 ταῖς
275 1971 466 2053 διαλέκτοις
496 1973 727 2056 ἀττικίζουσιν
761 1977 881 2040 adnexa
908 1997 978 2040 esse
1012 1979 1176 2061 conjicere
1197 1997 1273 2060 pos·

173 2107 287 2158 tumus.
338 2090 374 2153 Si
404 2097 507 2151 sutem
525 2090 668 2169 scriptor
690 2093 755 2150 tots
776 2087 835 2150 hee
857 2087 1055 2168 expositione
1075 2088 1271 2150 Thessaliam

172 2193 302 2260 Helladi
331 2196 494 2260 vindicare
522 2195 645 2274 studet,
673 2196 881 2259 Athenienses
911 2195 1004 2258 simul
1026 2195 1080 2274 qui
1100 2197 1271 2276 genuinam

172 2303 312 2386 linguam
332 2303 527 2369 Hellenicem
548 2304 609 2367 sihi
623 2305 820 2386 potissimum
839 2305 889 2364 vel
910 2304 971 2368 sihi
990 2303 1066 2367 solis
1086 2305 1272 2393 adscribere
1342 2365 1347 2375 ,

172 2412 313 2476 solerent
339 2413 382 2476 ci.
402 2413 486 2479 inire
517 2400 571 2474 ὅτι
600 2403 660 2499 τὴν
691 2405 808 2475 αὐτῶν
838 2402 960 2498 φωνήν
988 2409 1046 2476 καὶ
1072 2403 1136 2494 τήν
1162 2405 1270 2476 πόλιν

174 2521 261 2604 φασὶ
280 2520 341 2608 τῆς
356 2513 528 2594 Ἑλλάδος
550 2510 636 2584 εἶναι
657 2522 778 2610 erroris
798 2523 999 2588 convicturus
1019 2519 1119 2582 inisse
1132 2518 1272 2595 videtur,

173 2627 302 2692 eosdem
333 2648 411 2710 quos
439 2629 544 2691 verbis
572 2621 665 2707 τοίχα
686 2619 724 2690 δὲ
746 2619 897 2714 φήσοναλ
919 2645 1030 2702 τινες
1051 2647 1082 2692 κ.
1106 2649 1135 2690 τ.
1157 2619 1192 2687 λ.
1213 2646 1270 2690 ne-

175 2755 238 2820 que
259 2755 322 2801 uon
349 2726 443 2824 πρὸς
461 2728 524 2823 μὲν
555 2725 636 2810 rode
663 2735 727 2820 οὐχ
749 2729 1069 2822 ὑπολαμβάνοντας
1097 2723 1185 2798 εἶναι
1206 2725 1272 2820 τήν

178 2834 373 2906 Θετταλίαν
395 2842 456 2928 τῆς
474 2834 650 2916 Ἑλλάδος
676 2845 869 2924 significatos
888 2863 958 2906 esse
978 2844 1124 2925 conjicio.
1176 2845 1272 2922 Quod

173 2949 308 3032 iorsiten
338 2952 451 3032 aliquis
481 2971 552 3016 cum
584 2953 736 3013 malevolo
757 2953 858 3013 enimn
886 2950 1102 3014 collocandum
1124 2970 1196 3013 esse
1216 2971 1272 3016 su·

173 3059 335 3138 spiretur,
355 3077 418 3138 qno
440 3057 664 3120 Dicaearchum
686 3059 720 3120 in
741 3059 949 3121 Athenienses
970 3059 1094 3120 omnino
1117 3057 1271 3120 allectum

173 3162 273 3226 inisse
294 3183 333 3227 ex
353 3165 509 3229 nonnullis
529 3165 627 3242 locis,
648 3171 684 3226 ut
704 3185 801 3246 supra
821 3165 968 3242 indicari,
989 3166 1143 3246 colligere
1165 3167 1272 3246 possi-

173 3287 251 3332 mus.
302 3269 394 3350 Quod
423 3279 526 3334 eutem
555 3271 765 3334 Athenienses
790 3291 909 3354 genere
930 3274 1054 3336 Atticos
1081 3291 1152 3334 esse
1179 3273 1270 3350 dicit,

171 3376 206 3441 id
229 3378 315 3458 quod
334 3380 479 3462 inprimis
507 3383 540 3443 in
562 3387 669 3470 nostra
697 3383 922 3444 sententiarum
942 3381 1144 3462 oppositione
1166 3383 1269 3462 origi·
1358 3431 1359 3466 3

172 3503 245 3548 nem
265 3486 460 3552 Hellenicem
486 3491 612 3572 penitus
633 3479 804 3552 cicindere
825 3497 974 3572 apparet,
1001 3488 1195 3552 conterende
1218 3495 1269 3552 est
1358 3495 1359 3554 ἒ

172 3593 348 3658 Atticorum
375 3598 516 3678 ipsorum
548 3599 657 3681 opinio
690 3619 725 3661 se
757 3598 920 3680 indigenas
948 3597 1205 3680 prsedicentinm
1230 3603 1267 3659 et
1358 3571 1359 3618 λ

171 3701 329 3786 Herodoti
350 3709 461 3768 notitia
481 3709 616 3770 Atticam
638 3716 763 3790 gentem
784 3706 977 3787 Pelesgieem
998 3705 1095 3767 luisse
1118 3705 1267 3766 releren·
1358 3715 1359 3744 ³

170 3811 224 3884 tis,
245 3812 290 3874 ite
311 3820 345 3874 ut
358 3815 509 3877 Hellenes
529 3817 602 3878 ideo
617 3823 735 3880 tentum
750 3815 946 3878 existimandi
958 3813 1155 3888 viderentur,
1179 3813 1266 3892 quod

170 3939 242 3984 cum
275 3919 402 3984 lonihus
432 3925 679 4005 immig'rentihus
707 3945 778 3987 sese
810 3925 1078 3986 commiscuissent
1099 3921 1141 3984 ci.
1161 3922 1264 3992 Thuc.

169 4025 194 4104 1,
213 4026 245 4090 2.
266 4018 326 4116 τὴν
347 4029 432 4112 γοῦν
449 4020 601 4118 Ἀττικὴν
624 4030 660 4096 ἐκ
684 4038 747 4094 τοῦ
768 4027 823 4093 ἐπὶ
845 4024 1013 4094 πλεῖστον
1035 4018 1094 4092 deci
1116 4017 1157 4092 τὸ
1180 4025 1264 4090 λοπ-

125 4161 127 4166 ·
170 4125 304 4218 τόγαιον
335 4131 571 4200 ἀστασίαστον
601 4121 712 4204 οὖσαν
742 4128 931 4216 ἅνθρωποι
959 4130 1074 4218 ᾤκουν
1106 4135 1142 4198 οἱ
1160 4132 1264 4200 αὐτοὶ

171 4237 238 4304 cist.
279 4237 381 4303 Streh.
402 4239 484 4317 viii,
504 4243 566 4306 333
587 4233 628 4303 τὸ
650 4237 685 4304 δ’
707 4234 796 4306 αὐτὸ
819 4242 875 4308 καὶ
894 4248 967 4320 τοῖς
985 4237 1181 4329 Ἀθηναίοις
1204 4259 1262 4306 σν·
