2728 4720
455 316 826 394 *tlt—.-

99 521 170 577 tore
191 518 361 576 memorata
391 521 458 586 est3
487 511 629 595 Cythnius
659 517 768 575 eontra
789 532 860 575 cum
888 515 1074 596 cognomine
1103 512 1183 574 urhe

97 621 254 703 Seriphus
275 639 346 683 cnm
367 621 447 683 urhe
468 627 627 702 otperto,
648 627 682 682 et
701 621 840 701 Siphuus
861 621 899 684 ah
920 629 1058 702 utroque
1077 639 1190 682 recen·

97 732 178 793 sitae
198 735 281 792 suut.
321 729 420 790 Parus
440 735 559 806 autem,
581 748 661 810 quae
682 728 846 808 aScylace
866 728 950 791 inter
971 727 1125 808 Cyclades
1146 728 1190 789 al·

98 837 163 898 lata
184 842 243 914 est,
262 837 296 899 ia
317 835 498 918 anagraphe
520 835 734 914 desideratur,
755 835 817 898 nisi
836 835 922 898 forte
943 855 1054 918 parum
1074 835 1190 918 proba-

99 945 198 1008 bilem
226 945 440 1026 conjecturam
471 943 510 1006 ad
540 963 585 1006 vs.
606 943 669 1005 138
694 944 809 1006 iactam
829 945 1027 1026 respicimus.
1076 944 1192 1018 Naxus,

100 1071 222 1134 quaec
236 1053 368 1132 Scylace
388 1058 560 1113 memorata
573 1053 672 1113 solnm
693 1057 752 1130 est,
772 1072 790 1114 ι
810 1059 919 1114 nostro
940 1053 1083 1114 refertur
1103 1070 1193 1114 sacra

99 1159 203 1221 insula
223 1159 380 1239 appellari
401 1165 434 1220 et
454 1160 780 1241 portuApollinisque
801 1161 922 1243 templo
939 1139 1092 1222 instructa
1113 1177 1193 1220 esse.

100 1267 215 1330 Rhene
237 1274 271 1328 at
291 1266 389 1346 Syrus
417 1262 480 1351 (ea
501 1267 584 1328 enim
605 1267 782 1329 emendatio
804 1268 947 1350 vulgatae
969 1263 1102 1352 Σκύρος
1122 1267 1194 1328 loco

101 1377 172 1439 aine
199 1375 295 1437 dubio
323 1373 509 1456 recipienda
530 1369 601 1460 est)
630 1395 649 1436 a
677 1375 810 1458 Scylace
839 1383 1040 1444 enumeratae
1068 1376 1101 1440 in
1123 1395 1195 1438 anc-

59 1512 61 1516 ·
101 1483 227 1566 graphe
248 1501 310 1546 uon
329 1481 487 1562 leguntur.
536 1479 691 1561 Myconus
711 1489 745 1544 et
765 1483 889 1560 Tenus,
916 1483 998 1546 sicut
1018 1484 1112 1545 etiam
1132 1485 1196 1546 Aa·

103 1593 181 1654 drus
202 1589 286 1672 apud
307 1596 476 1668 utrumque
496 1588 600 1650 locum
624 1589 758 1668 hahent,
787 1593 833 1653 ita
852 1599 956 1654 tamen
976 1599 1012 1656 ut
1032 1593 1197 1674 singulari·

102 1705 157 1762 ter
184 1695 299 1778 Scylax
331 1697 499 1774 Myconum
531 1691 669 1759 δίπολιιι
704 1705 738 1760 et
767 1699 970 1780 singulariter
1000 1699 1198 1780 anagraphes

106 1811 219 1867 auctor
240 1803 380 1868 Andrum
402 1810 512 1865 contra
533 1803 719 1866 Geraestum
740 1807 830 1867 sitam
853 1825 922 1868 ease
943 1807 1074 1868 celerat.
1118 1789 1198 1888 Scy·

105 1913 158 1976 lax
179 1913 233 1974 uhi
248 1911 410 1972 nonnullas
425 1910 585 1991 Sporades
604 1919 751 1974 recenset
770 1913 833 1975 hoc
847 1891 956 1976 eorum
970 1933 1082 1976 nomen
1102 1919 1199 1992 tacet,

109 2019 196 2101 qnod
217 2021 250 2080 in
272 2019 451 2100 anagraphe
478 2018 599 2080 diserte
619 2027 820 2082 memoratur.
863 2021 970 2084 Icarus
991 2027 1024 2083 et
1044 2022 1200 2102 Amorgos

109 2127 197 2209 apud
217 2125 383 2207 Scylacem
410 2145 610 2206 aequavero
639 2127 724 2208 apud
746 2135 886 2190 nostrum
908 2135 1069 2191 auctorem
1090 2129 1201 2210 legun-

108 2241 182 2317 tur;
210 2235 261 2296 los
288 2235 321 2296 ia
351 2233 531 2315 anagraphe
557 2235 681 2296 uounisl
709 2237 869 2318 tangitur,
898 2236 1068 2317 aScylace
1096 2243 1200 2298 autem

111 2351 240 2428 portum
270 2349 303 2406 et
330 2343 463 2405 Homeri
496 2341 678 2422 sepulcrum
707 2345 871 2404 continere
897 2343 1054 2418 refertum
1084 2343 1202 2424 Scyrus

109 2459 222 2514 contra
249 2471 268 2513 a
295 2455 403 2511 nostro
424 2449 628 2530 singulariter
649 2449 812 2530 Pelasgica
837 2468 908 2511 esse
928 2447 1074 2511 traditur.
1115 2449 1203 2511 Scia·

110 2560 202 2622 thum
235 2563 269 2620 et
299 2558 385 2619 lcum
414 2557 447 2618 iu
483 2557 662 2637 sungrapha
690 2555 924 2631 desideramus3
956 2557 997 2618 de
1023 2548 1216 2637 Peparetho.
1258 2603 1260 2608 -

110 2671 217 2728 autem
236 2663 338 2726 'insola
359 2663 539 2743 anagraphe
559 2680 631 2724 cum
646 2643 777 2743 Scylace
798 2681 938 2743 congrua
959 2669 1017 2726 est.
1058 2663 1117 2726 llis
1138 2665 1204 2725 om·
1234 2707 1237 2712 ‚

115 2775 208 2837 raihna
241 2775 345 2852 iisque
382 2773 569 2852 praesertim
602 2791 682 2851 quae
712 2771 752 2833 ad
784 2771 981 2836 Ambraciam
1014 2778 1048 2833 et
1075 2771 1204 2834 Cretam

113 2888 260 2964 spectant
288 2880 496 2944 consideratio
524 2880 719 2962 anagraphes
740 2875 901 2942 auctorem
926 2881 995 2942 veri
1015 2879 1205 2952 simillimum

114 2991 153 3052 dt
179 2987 321 3070 Scylacis
348 2987 508 3070 periplum
537 2987 570 3048 in
598 3005 686 3047 usum
716 2988 878 3048 vacavisse
904 2991 937 3048 et
965 2987 1018 3068 hic
1039 2987 1105 3048 illic
1126 2985 1206 3048 adeo

116 3096 334 3176 exscripsisse.
383 3093 500 3155 Marxii
530 3099 635 3154 aulem
660 3095 816 3154 sententia
837 3092 987 3155 audacior
1008 3099 1057 3155 est
1077 3112 1207 3174 anagra-

116 3203 203 3286 pheu
224 3203 294 3263 lere
316 3201 413 3261 lotam
433 3219 452 3260 e
472 3199 613 3278 Scylacis
640 3179 767 3280 periplo
789 3189 1033 3276 consarcinatam
1054 3193 1124 3264 esse
1144 3203 1207 3260 sta-

115 3310 245 3371 tuentis.
302 3307 451 3369 Ceterum
488 3306 573 3386 quod
610 3313 770 3368 auctorem
795 3307 936 3392 Scylacis
961 3307 1091 3388 periplo
1117 3325 1208 3370 usam

116 3417 217 3478 fuisse
244 3416 444 3498 conjicimus,
472 3418 534 3476 non
563 3432 774 3496 repugnamus
801 3415 975 3504 sententiae
997 3435 1058 3496 qua
1078 3433 1209 3497 ιιιιιςιι·

121 3525 208 3607 phea
239 3543 277 3586 ex
298 3523 484 3587 Dicaearchi
511 3541 612 3604 opere
640 3523 882 3604 conglutinatam
911 3543 980 3586 esse
1008 3543 1105 3604 supra
1133 3543 1209 3586 con·

115 3635 263 3718 jecimus.
311 3631 394 3710 Quid
423 3633 506 3692 enim
534 3651 590 3693 nos
619 3639 704 3692 vetat
733 3632 891 3712 cogitare,
920 3651 990 3693 eum
1018 3635 1209 3714 scriptorem

121 3749 253 3823 praeter
268 3739 452 3807 Dicaearchi
473 3741 636 3820 scriptum,
656 3738 738 3801 unde
756 3739 1001 3821 geographicum
1015 3761 1104 3803 auum
1124 3759 1209 3806 com-

124 3849 274 3930 pendium
288 3848 430 3927 repetiit,
452 3849 545 3908 etiam
567 3847 644 3928 alios
665 3843 762 3908 libros
783 3845 892 3912 similis
906 3849 1091 3930 argumenti,
1113 3866 1210 3928 quau·

126 3975 218 4036 quam
240 3955 413 4032 anamodo,
435 3953 640 4016 adhibuisse?
662 3955 754 4020 Quod
776 3957 802 4018 ai
824 3957 876 4018 cui
889 3956 990 4018 minus
1010 3937 1229 4038 probaretur,¹

124 4067 264 4134 statuere
292 4061 426 4123 fortasse
453 4061 566 4122 liceret
598 4080 660 4124 non
688 4062 787 4124 solum
816 4063 1012 4144 anagraphes
1039 4069 1212 4151 auctorem,

126 4169 185 4232 sed
213 4171 306 4233 etiam
335 4170 524 4251 scriptorem
551 4170 671 4252 peripli
699 4172 752 4250 qui
773 4170 912 4252 Scylacis
933 4172 1057 4234 nornine
1077 4170 1212 4234 traditus

128 4285 178 4341 eat
198 4277 310 4342 eodem
332 4277 517 4364 Dicaearchi
538 4295 638 4359 opere
658 4295 721 4342 uno
741 4277 830 4343 fonte
850 4296 923 4339 uros
943 4277 1050 4340 luisse.

869 4500 873 4506 ι
940 4389 1016 4465 ou*
