2728 4720
433 275 691 414 2509
741 361 838 384 -·²-

113 525 262 590 tuendum
283 533 346 606 est,
368 547 462 610 quum
482 533 748 611 nortersoriptor
768 529 882 592 unitam
903 539 1020 596 certam
1042 533 1196 596 rationcm

112 637 146 698 in
174 637 382 700 memorandis
409 645 462 700 aut
490 638 613 702 silentio
645 639 886 720 praetereundis
914 641 992 728 locis
1014 641 1197 722 observasse

113 751 275 824 appareat.
317 741 409 808 πεδί’
431 739 560 829 εῧυόρα
587 744 843 834 παρακείμενα,
873 767 954 828 quae
981 748 1078 810 verba
1107 755 1197 812 'extra

113 848 234 912 omnem
265 855 495 932 grammaticam
524 854 774 936 conjunctionem
802 854 926 934 prolata
947 873 1016 916 esse
1034 850 1100 936 jam
1121 853 1198 926 aiibi

112 945 335 1037 animadverti,
366 955 507 1024 Murrius
528 981 595 1023 eam
616 963 778 1044 regionem
798 963 969 1044 significari
989 968 1079 1026 recte
1100 963 1197 1028 adno-

109 1067 208 1143 tavit,
228 1069 280 1129 cui
284 1051 527 1150 ΠαρασωΙα
548 1089 660 1132 nomeu
681 1070 804 1134 inisset.
1114 1123 1118 1138 ,

192 1191 236 1236 vs.
257 1174 327 1237 107.
360 1177 461 1239 Quum
492 1197 509 1238 a
538 1177 699 1302 Stephano
721 1177 892 1238 exhibitum
914 1177 1024 1240 inisset
1050 1169 1194 1242 ἕστιιιδΙ
1230 1255 1232 1260 s

109 1268 232 1341 ἔπειτα
252 1275 353 1366 χώρα
370 1271 610 1370 Μεγαρέων.
595 1299 675 1346 εστι
680 1301 716 1346 τι
731 1278 902 1360 ἐντεῦθεν,
924 1285 1121 1348 Gasonhonns
1135 1287 1197 1348 hoc

110 1383 304 1466 postremum
324 1391 507 1453 vocabulum
527 1393 559 1453 in
573 1393 733 1471 sequentis
753 1411 862 1454 versus
876 1393 1196 1456 initio'coitooandnm
1219 1472 1220 1483 ρ

53 1543 55 1548 ,
109 1515 181 1557 esse
202 1504 290 1561 recte
311 1497 475 1577 intellexit,
497 1519 670 1580 quanquam
686 1499 779 1562 etian'r
799 1502 844 1562 ita
858 1518 964 1564 versus
982 1500 1044 1562 lot
1063 1503 1196 1564 metrica

108 1605 233 1664 ratione
254 1625 315 1667 non
335 1608 429 1687 piane
442 1626 534 1669 sanus
553 1607 698 1669 redditus
712 1613 769 1670 ost.
811 1607 871 1670 Cui
884 1609 944 1680 rei,
964 1610 996 1670 in
1012 1628 1072 1688 qua
1092 1611 1195 1690 ipsum

108 1712 299 1790 scriptorem
328 1733 477 1794 peccasse
504 1716 573 1775 veri
602 1716 790 1777 simillimum
820 1721 884 1791 est,
926 1720 962 1776 ut
990 1722 1196 1778 succurreret

107 1817 314 1882 Buttmaunns
333 1823 376 1882 ita
389 1823 557 1904 legendnm
571 1841 641 1883 esse
655 1824 829 1902 suspicatus
843 1830 892 1884 est
913 1815 1002 1884 ἔστιν
1018 1817 1089 1884 δ’
1073 1841 1195 1886 επιιτα

110 1915 330 2007 Μεγαρεωιι
327 1921 431 2010 χωρ’·
453 1927 526 1990 ἔστι
547 1946 595 2002 τε,
617 1949 678 2008 qua
700 1929 740 1990 de
755 1931 952 1991 correctione
967 1930 1043 2010 qnid
1064 1904 1195 1994 sentiam

108 2033 172 2094 alio
192 2032 264 2096 loeo
285 2036 447 2115 professus
473 2055 550 2098 sum.
599 2037 682 2098 Mira
709 2036 849 2116 denique
868 2038 963 2099 Gaiiii
983 2039 1066 2099 hunc
1087 2040 1125 2118 ad
1147 2040 1194 2101 lo-

108 2160 181 2202 cum
202 2142 428 2237 animadversio
449 2149 515 2216 ost,
546 2141 586 2204 de
607 2142 838 2224 Megarensium
864 2143 971 2206 indole
1002 2149 1035 2206 ct
1055 2146 1195 2207 moribus

107 2255 216 2310 nostro
237 2251 309 2312 loco
329 2233 430 2330 aeque
443 2271 553 2332 parum
575 2259 669 2330 atque
690 2252 722 2312 iu
738 2250 829 2314 Vitae
845 2251 998 2314 Graeciae
1018 2251 1194 2334 fragmento

106 2355 205 2416 verba
225 2356 296 2419 fieri
316 2361 470 2420 monentis
500 2365 533 2420 et
561 2359 672 2424 hanc
661 2377 694 2418 ιιι
714 2377 781 2418 rem
802 2357 956 2440 Reingani
982 2358 1096 2420 librani
1118 2359 1195 2422 alle-

108 2465 221 2544 gantis,
243 2466 331 2542 qnasi
352 2467 421 2527 aliis
442 2466 636 2566 onagraphes
657 2465 735 2526 locis
756 2465 887 2561 oliouJur
909 2467 1043 2528 civitatis
1062 2466 1113 2582 vel
1134 2485 1195 2547 po·

108 2571 209 2650 puli
199 2573 357 2651 rugeninm
379 2579 411 2634 et
431 2592 534 2635 mores
557 2571 800 2674 exponerentur.

192 2681 418 2745 salonino
448 2682 572 2762 vulgata
598 2681 661 2740 loci
690 2681 826 2741 lectione
853 2671 1022 2758 χυσιός,
1048 2699 1139 2760 qnam
1160 2683 1194 2744 in
1296 2683 1299 2691 ¹

109 2787 245 2850 eundem
258 2808 382 2850 sensnm
397 2809 467 2851 enm
487 2778 592 2870 χυτός
613 2788 832 2868 explicuerunt
852 2794 885 2850 et
905 2790 936 2850 in
958 2791 1051 2852 textis
1066 2789 1194 2868 quidem

109 2895 240 2975 plurimi
261 2895 399 2958 editores
413 2896 623 2976 protulerunt,
643 2895 841 2958 casaubonus
861 2885 986 2976 χυτός
1007 2902 1040 2972 et
1054 2895 1194 2958 Marnius

110 3021 151 3062 ex
173 3002 283 3084 codice¹
303 2999 486 3086 χριστός,
509 3000 617 3088 (idem
637 2999 669 3066 in
691 3002 801 3065 oodioe
815 2999 958 3085 Minori)
981 3002 1065 3082 qood
1087 3009 1194 3084 poste-

109 3111 178 3172 rius
206 3110 247 3171 de
274 3120 369 3193 portu
394 3119 501 3173 terroe
527 3111 694 3194 aggeribus
715 3111 904 3179 circumdato
924 3110 1194 3191 interpretandum

111 3237 213 3297 eaque
228 3221 349 3279 ratione
369 3219 546 3280 aPassovio
562 3219 798 3300 comprobatum
814 3224 862 3280 est
883 3215 947 3306 (cf.
962 3217 1051 3280 Ouid.
1066 3218 1195 3280 Metam.

109 3327 132 3387 l.
153 3325 210 3402 XI,
230 3325 292 3386 728
313 3345 381 3404 sqq.
404 3325 527 3408 adjacet
548 3325 639 3388 undis
659 3325 756 3386 Facta
776 3324 866 3386 maun
887 3325 1004 3418 mohs,
1026 3343 1105 3403 qnae
1126 3326 1194 3405 prl-

111 3451 177 3492 mas
202 3434 348 3511 aequoris
376 3431 473 3493 undas
493 3433 624 3511 Frangit
655 3435 687 3492 et
712 3432 856 3492 incursus
879 3449 958 3510 quoe
978 3429 1195 3510 praedelassat

113 3532 285 3622 aquarum)
297 3537 523 3599 restituendum
538 3557 607 3600 esse
622 3536 835 3620 conjecerunt.
876 3535 1057 3614 Hoistenins
1072 3537 1105 3598 iu
1120 3555 1193 3598 con-

111 3649 200 3728 tentu
227 3635 329 3723 χυτός
359 3645 486 3706 excudit
512 3643 551 3706 ad
578 3635 676 3724 idqn'e
697 3641 911 3705 itinstruudnm
934 3641 1074 3719 Graecos
1093 3644 1193 3704 muni-

110 3759 214 3814 menta
244 3754 276 3814 in
304 3754 481 3815 universum
509 3744 660 3835 χώματα
682 3757 715 3814 et
734 3747 853 3834 χηλαί,
883 3751 1040 3813 Romanos
1060 3751 1140 3832 piias
1161 3757 1194 3814 et

110 3861 219 3937 moles,
239 3860 322 3922 nude
337 3863 530 3941 posteriores
541 3863 657 3924 Graeci
669 3855 783 3948 proiice
794 3861 978 3935 *effecerint
999 3877 1194 3940 nuncupasse

17 4019 20 4030 .
112 3967 240 4030 adnotat
265 3974 298 4030 et
328 3969 411 4031 huno
436 3969 647 4050 Etymoiogici
672 3969 780 4049 Magni
809 3969 911 4030 locum
940 3967 1034 4045 offert
1061 3987 1093 4048 p.
1121 3967 1193 4030 740.
1230 3993 1233 3998 ·

111 4059 206 4154 porci
226 4063 351 4162 λιμένι,
386 4067 484 4158 παραὶ
510 4071 743 4156 Ἀπολλωνίῳ.
773 4064 876 4157 portic
903 4065 1002 4161 λιμὴν
1026 4065 1193 4150 Κυζίκου.

79 4257 82 4266 1
112 4173 217 4258 χυτὸς
245 4171 283 4242 δὲ
304 4177 459 4246 καλεῖται
488 4176 774 4264 ὀιιερικλεισθεὶς
802 4181 862 4244 καὶ
882 4175 992 4254 λίθοις
1013 4175 1194 4268 oisodqnp·
1271 4265 1272 4268 ρ
1315 4231 1317 4242 .

113 4284 185 4372 θεὶς
204 4287 264 4353 καὶ
289 4279 337 4376 μή
360 4279 539 4378 αὐτοφυὴς
556 4283 618 4381 αἶα.
646 4280 803 4352 καλεῖται
824 4277 862 4350 δὲ
884 4275 976 4354 οὕτω
998 4283 1057 4350 καὶ
1078 4285 1098 4350 ὁ
1120 4276 1193 4350 tion
