2728 4720
493 266 861 342 *tot-*-

132 463 331 526 recentiores
352 461 493 524 editores
513 461 815 542 comprobaverunt,
834 463 868 526 in
888 461 1117 546 septantam,
1141 466 1226 554 sicat

136 575 170 636 iu
184 572 383 635 Zosimaalum
398 590 523 651 quoqne
545 571 697 646 editione,
720 589 894 651 quanquam
913 573 946 634 iu
960 572 1020 636 laec
1041 563 1225 640 ὑπόκειται
1330 603 1332 616 ·

134 683 248 743 melius
273 701 308 743 se
335 681 515 742 habiturum
543 699 611 741 esse
635 680 890 742 'animadversum
912 666 975 758 est,
1002 677 1225 748 α’κόκειται

135 791 311 874 exhibetur.
354 790 474 852 Gallina
495 789 680 851 Strabonem
703 790 750 866 X,
768 789 830 852 451
852 791 935 854 iuter
956 797 1101 854 veterem·
1119 799 1152 856 et
1171 792 1234 856 re·'

45 911 52 924 '
134 906 258 960 centem
286 898 492 974 Pleuronem,
521 898 650 958 alteram
680 917 783 978 prope
811 897 1003 978 Calydonem
1035 901 1226 964 exoriente

134 1005 236 1066 Eueni
257 1007 407 1086 regione,
436 1005 566 1066 alteram
590 1006 635 1066 ‘ad
657 1006 869 1086 Aracynthum
897 1013 1032 1068 montem
1054 1009 1093 1068 ab
1113 1008 1226 1072 Eueno

132 1114 330 1176 occidentem
357 1131 466 1175 versus
495 1115 528 1175 in
549 1113 788 1176 ‘mediterraneo
818 1120 921 1180 tractu
953 1115 994 1178 ci.
1025 1115 1106 1178 Plio.
1134 1116 1165 1178 la.
1193 1135 1225 1180 u.

132 1219 238 1294 1V,t.
261 1221 374 1282 cellar.
396 1240 504 1302 geogr.
525 1228 586 1282 ant.
608 1220 640 1296 l,
660 1221 724 1282 tto
753 1223 843 1282 sitam
874 1221 1053 1284 distinxisse
1080 1223 1226 1286 referens

133 1329 322 1405 Pleuronem
336 1337 445 1392 nasim
466 1307 537 1392 loeo
558 1336 829 1392 commemoratam
848 1337 1011 1392 recentem
1032 1349 1101 1392 esse
1122 1332 1226 1412 anapl-

135 1445 224 1500 catua
251 1443 300 1500 est
330 1457 424 1518 quum
455 1439 494 1500 ob
527 1439 694 1518 scriptoria
726 1445 859 1500 aetatem
890 1439 944 1518 qui
971 1445 1044 1520 post
1073 1439 1228 1504 Demetrii

134 1549 283 1608 victorias
296 1548 435 1623 vixisset,
455 1554 522 1610 tom
539 1539 583 1608 ob
598 1549 821 1609 sententiarum
843 1551 943 1610 nostri
963 1548 1028 1610 loci
1043 1565 1227 1624 connexum,

134 1671 197 1734 quo
226 1655 362 1717 Pleuron
394 1673 499 1736 prope
520 1657 716 1717 Acarnaniae
742 1656 822 1716 fines
850 1661 884 1717 et
904 1655 944 1716 ad
965 1656 1138 1718 Acheloum
1161 1655 1228 1718 col·

132 1763 235 1825 locata
263 1757 347 1826 esset
373 1771 406 1826 et
432 1783 471 1826 ea
490 1765 634 1826 vicinitas
664 1764 762 1826 verbo
792 1781 919 1844 qnoque
942 1757 1123 1826 ὑπόκειται
1144 1763 1227 1826 inali-

134 1877 272 1934 earetur.
324 1871 524 1934 contrarium
544 1873 747 1936 Buttmannns
767 1873 929 1950 statuerit,
956 1871 1104 1952 equidem
1131 1875 1167 1932 ut
1193 1871 1228 1934 ln
1291 1939 1293 1948 ,

133 1999 171 2042 re
192 1982 313 2042 incerta
333 1980 412 2042 nilail
435 1981 583 2046 decerno,

215 2107 258 2151 ιι.
283 2087 335 2151 59.
367 2090 414 2151 lle
441 2089 560 2168 templo
591 2089 755 2150 Minervae
785 2087 955 2150 Pleuronio
984 2088 1102 2150 nullum
1132 2087 1228 2150 alium

131 2199 323 2277 scriptorem
352 2199 450 2260 rerba
480 2197 589 2258 iacere
618 2197 822 2260 Buttmannus
850 2183 935 2259 huno
965 2196 1005 2259 ad
1036 2198 1141 2260 locum
1171 2194 1228 2258 atl-

134 2306 264 2366 notarit.
729 2333 759 2368 r
804 2307 807 2316 “

217 2415 261 2475 ιἰ.
281 2413 333 2474 tto.
356 2403 430 2476 εἶτα
453 2405 560 2496 Κίδης
582 2409 623 2474 αἵ
642 2409 672 2474 τ’
693 2401 879 2494 Ἐχινάδες.
929 2413 1021 2491 Quod
1043 2406 1153 2498 Κιδῃς
1172 2429 1228 2474 vo·

99 2569 103 2577 .
134 2521 278 2582 cabnlum
307 2527 416 2582 contra
444 2527 578 2582 metrum
607 2539 800 2601 magnopere
830 2527 959 2600 peccat,
987 2521 1019 2580 itl
1048 2520 1147 2581 solum
1176 2539 1228 2583 me

135 2647 197 2691 non
213 2617 434 2706 tommoveret,
454 2607 490 2690 ul
511 2629 723 2708 corruptelam
746 2630 965 2716 existimarem,
986 2629 1012 2688 si
1033 2627 1228 2708 geographi·

136 2755 208 2798 cum
235 2737 299 2798 tale
317 2755 438 2798 nomen
467 2735 593 2800 aliunde
621 2742 820 2816 compertum
850 2745 935 2798 esset
959 2743 993 2797 ct
1015 2719 1080 2798 ‘nisi
1108 2755 1168 2797 vox
1195 2737 1229 2800 ia

135 2845 248 2906 codice
277 2847 347 2926 ipso
378 2845 506 2908 duobus
525 2846 667 2926 punctis,
701 2845 903 2907 dubitationis
932 2845 982 2906 vel
1014 2845 1228 2925 corruptionis

134 2935 234 3034 signo,
254 2959 426 3015 notaretur.
468 2955 555 3016 Bene
577 2960 679 3018 tamen
701 2960 734 3014 et
755 2960 847 3014 caute
869 2953 1027 3030 editores,
1050 2972 1227 3034 quanquam

136 3063 252 3142 partlm
290 3065 380 3126 uncis
411 3063 624 3137 includentes,
651 3063 684 3124 in
714 3065 868 3125 contextis
894 3065 1094 3124 retinuerunt
1123 3079 1232 3142 neque

136 3171 257 3257 ejicere
279 3173 344 3232 ansi
366 3176 454 3246 sunt,
477 3176 645 3249 antequem
662 3160 767 3232 mente
791 3177 1047 3252 assequerentur,
1070 3169 1227 3249 quomodo

33 3325 36 3337 .
137 3277 221 3338 istud
252 3277 435 3338 vocabulum
462 3283 602 3348 nostrum
630 3278 663 3338 in
690 3277 793 3338 locum
820 3279 967 3357 irrepere
999 3279 1153 3358 potuisset
1175 3282 1228 3338 aut

139 3385 215 3464 qnid
236 3385 322 3447 allud
345 3386 413 3466 ejus
433 3385 504 3446 loeo
527 3379 776 3448 substituendum
799 3391 894 3445 esset.
937 3385 1137 3446 casaubonus
1159 3385 1230 3464 qul·

139 3485 212 3555 dem
233 3495 331 3576 ejecit
350 3495 382 3554 in
405 3496 537 3576 ejusque
557 3496 656 3556 vicem
680 3488 714 3554 δ’
736 3496 875 3574 recepit,
908 3513 999 3583 quom
1020 3495 1173 3555 rationem
1195 3499 1229 3556 et
1281 3545 1282 3549 ,

135 3608 238 3664 metro
266 3610 501 3664 succurrentem
530 3609 563 3666 et
590 3603 623 3663 in
652 3579 745 3664 sensu
774 3603 854 3664 nihil
883 3600 967 3681 quod
991 3599 1228 3662 desideraretur

136 3690 365 3790 relinquentem
388 3713 569 3774 Holatenin'a
584 3718 715 3773 secutus
736 3715 793 3771 est.
835 3711 881 3771 lle
903 3709 1126 3785 Echinadibns,
1148 3726 1228 3788 quae

137 3820 300 3880 maximam
322 3825 444 3900 partem
467 3839 538 3881 cum
558 3826 645 3882 terra
666 3819 840 3902 continenti
859 3818 1013 3899 ,deinceps
1035 3818 1229 3894 coaluerunt,

139 3932 173 3986 et
195 3925 234 3987 de
256 3905 349 4008 liujus
371 3929 549 3988 mutationis
571 3946 663 3988 causa
685 3925 727 3988 cl.
746 3926 850 3990 Strab.
871 3925 896 3999 l,
919 3946 950 4006 p·
970 3924 1021 3987 59.
1042 3925 1081 4000 X,
1101 3943 1134 4004 p.
1154 3920 1226 3984 458.

138 4033 229 4094 Pana.
251 4021 332 4108 Vlll,
355 4025 389 4110 1,Ι
417 4035 468 4096 24.
497 4043 537 4120 et
550 4038 648 4126 interl
662 4037 857 4106 recentiores
879 4034 1028 4096 Dodwell.
1049 4033 1140 4095 itinn.
1160 4037 1183 4094 t.
1204 4031 1229 4110 l,

138 4161 170 4224 p.
193 4142 264 4206 141.
306 4143 340 4206 Si
362 4145 564 4206 Buttmannna
580 4143 717 4223 tleniqoe
739 4143 776 4206 ad
800 4145 882 4206 hunc
901 4145 1005 4206 locum
1026 4143 1141 4202 iterum
1163 4142 1228 4202 ani·

69 4325 70 4328 Ἴ
135 4251 318 4332 maduerit,
340 4254 425 4334 quod
447 4273 551 4335 neque
571 4255 604 4318 in
626 4253 749 4320 Aetolia
770 4253 949 4333 Thermon,
972 4250 1149 4336 principale
1170 4265 1228 4333 po·
