2728 4726
466 238 849 348 'was—7

134 465 205 524 rata
225 465 284 524 ast.
333 457 437 526 oum
465 458 499 522 in
516 459 577 538 tta,
604 478 686 544 qaae
708 459 749 528 de
769 461 908 528 teodone
927 455 1122 544 ungulorum
1148 461 1226 542 pot-

132 569 270 630 ticorom
297 567 457 644 locorum,
485 566 577 638 verbi
596 587 693 638 cansa
710 567 839 651 Alcaei,
868 575 1060 652 emeruerat
1086 574 1119 630 et
1148 585 1228 648 qnae

73 747 76 767 1
132 669 258 756 rdliqua
277 675 312 736 in
332 664 559 748 commentario
579 675 621 738 ad
634 675 727 758 hujus
741 680 858 759 poetas
871 677 1008 741 carraina
1021 675 1229 756 explicuerat,

30 799 33 806 ’
131 782 170 846 ab
192 769 356 846 Athenaeo
377 782 740 863 odisqueuemorstur,
761 785 916 850 aelectio
936 784 1108 846 Homerica
1128 781 1166 844 ab
1187 799 1228 844 ao
1351 789 1352 796 ’

135 896 190 954 aut
218 890 385 972 proposito
412 897 466 952 aut
494 891 697 973 comprobata
726 892 827 972 ipsios
847 877 1027 958 Aristarchi
1044 889 1229 989 andoarium

29 1019 32 1028 ·
133 998 216 1060 tulit
259 995 352 1076 Quod
373 996 413 1058 ad
435 997 673 1079 philosophicas
694 1000 764 1081 ejus
784 1000 973 1076 sententias,
992 997 1139 1060 nonnulla
1159 997 1229 1076 qui-

135 1104 207 1168 dem
227 1106 310 1180 ritae
331 1111 505 1186 praecepta
518 1106 720 1170 aPlutarcho
741 1125 804 1171 non
825 1105 999 1170 tinelande
1012 1105 1230 1187 proteruntur,

131 1215 231 1276 omnis
250 1217 356 1274 antem
377 1213 437 1274 ista
457 1215 557 1292 ratio,
587 1234 649 1294 quo
670 1233 840 1295 corporum
864 1217 996 1278 materia
1021 1215 1141 1277 innisus
1162 1217 1227 1286 est,
1251 1237 1253 1241 ’

129 1321 151 1390 'a
172 1322 344 1399 cicerone,
368 1320 543 1389 Plutarcho
551 1349 565 1400 ,·
584 1323 734 1396 Nemesin
756 1328 790 1386 et
809 1321 946 1386 Stobaeo
967 1322 1089 1384 nonnisi
1109 1338 1229 1382 memo-
1315 1385 1326 1394 ,

130 1436 230 1492 ratur.
283 1430 493 1512 (deogrophua
522 1431 660 1510 denique
689 1451 709 1494 a
736 1431 892 1495 Strabone
925 1449 997 1492 curn
1028 1428 1266 1520 Democrito,s

132 1537 267 1602 Eudoxo
296 1543 329 1600 et
348 1538 481 1618 Ephoro
513 1539 688 1607 collocatur
717 1541 909 1620 saepiusque
929 1543 1116 1600 recensetur
1137 1541 1170 1598 et
1190 1553 1229 1596 ea

133 1643 263 1726 quidem
290 1646 430 1728 ratione,
459 1652 494 1708 ut
520 1647 749 1710 Eratosthenes
775 1645 1008 1739 aDicaearcho
1029 1645 1229 1718 dissensisse,

129 1751 336 1835 Hipparchea
357 1756 389 1818 ei
408 1755 515 1818 moltis
535 1757 570 1820 in
589 1757 685 1818 rebus
706 1757 875 1818 obsecutus
895 1755 996 1820 inisse
1025 1742 1065 1814 et'
1077 1751 1229 1831 Polybiaa
1252 1741 1256 1748 ’
1340 1821 1349 1840 ⁸

130 1881 202 1926 eum
237 1863 364 1942 saepius
394 1864 591 1945 vituperasse
627 1864 782 1928 rideatur.
843 1862 1006 1926 Sententia
1031 1860 1081 1922 -de
1117 1855 1240 1952 terrae‘

130 1972 235 2035 forma
254 1971 293 2032 ab
314 1973 533 2050 Artemidoro,
553 1974 656 2036 Plinio
678 1981 712 2036 et
731 1973 891 2036 Martiano
911 1971 1041 2052 capella
1062 1969 1227 2051 propoaitt

10 2143 11 2150 ,
131 2083 180 2140 est
208 2083 242 2140 et
268 2079 382 2142 relatio
413 2080 453 2144 de
482 2081 548 2144 Nili
574 2081 745 2156 redonus
773 2080 945 2152 Laurentio⁴
973 2076 1062 2158 Lydo
1079 2081 1228 2141 ‚amm

130 2185 276 2266 Denique
306 2186 355 2248 de'
374 2187 553 2268 proverbiis
582 2187 715 2250 Graecis
741 2188 868 2268 saepius
898 2187 1013 2258 citatur
1040 2190 1073 2248 et
1093 2204 1112 2245 a
1131 2181 1229 2248 Snida

131 2281 349 2379 γεωμέτρης,
373 2292 457 2372 quod
480 2292 521 2358 de
541 2295 695 2384 montium
713 2293 867 2356 mensoris
887 2293 1067 2374 intelligere
1087 2291 1173 2368 licet,
1194 2296 1229 2354 et

131 2389 257 2485 ῥήτωρ
270 2385 481 2490 significatur,
504 2403 589 2482 quod
611 2401 740 2481 quidem
760 2402 921 2482 posterius
943 2400 984 2462 de
997 2400 1144 2477 rhetore,
1163 2417 1230 2462 non

132 2505 173 2570 de
195 2513 322 2570 oratore
337 2509 610 2590 interpretandum
627 2527 697 2586 ease
717 2527 756 2572 eu
770 2509 934 2572 Ciceronis
951 2526 1077 2588 quoque
1095 2499 1161 2594 (do
1173 2505 1229 2570 ott.
1283 2501 1303 2546 '¹

132 2613 164 2694 l,
184 2608 228 2700 1)
249 2614 321 2676 loco
343 2616 459 2680 efficio.

202 2745 231 2816 t)
248 2747 307 2800 Hoc
325 2748 482 2818 epitheton,
501 2747 660 2820 quocieero
678 2746 713 2801 de
731 2747 840 2811 on.11,
860 2748 877 2804 b
905 2746 1100 2802 Dicaearchum
1117 2733 1231 2798 uerna·

131 2841 189 2902 rit.
214 2858 272 2894 noa
296 2839 330 2893 de
355 2839 475 2894 &cendi
488 2841 585 2913 copia,
613 2841 661 2896 aad
685 2841 718 2894 de
736 2839 874 2908 cogitandi
892 2843 950 2910 ejus
967 2839 1133 2894 abundantia
1150 2845 1177 2891 at
1194 2837 1229 2892 dc

39 3003 49 3016 κ
129 2936 270 3012 praeclaro
288 2943 316 2988 et
332 2935 477 2990 multifario
495 2937 623 2994 librorum
642 2943 796 3005 argumento
815 2951 876 2992 coar
889 2933 983 2988 Beiero
998 2932 1229 3008 interpretandum

131 3037 189 3084 esse
207 3030 337 3082 duxerim.

200 3121 230 3192 2)
255 3118 450 3178 Dicaearchum
477 3123 608 3194 egregium
628 3116 836 3196 ‘praeceptorem
862 3122 942 3177 foisse
968 3122 1093 3195 equidem
1120 3139 1229 3194 qnoque

132 3217 311 3287 crediderim
330 3220 453 3274 sednon
471 3219 592 3293 approbo
611 3217 685 3290 quod
702 3221 879 3270 Dnttmannus
899 3233 931 3296 ep
949 3207 990 3269 his
1002 3199 1139 3270 Ciceronis
1150 3215 1227 3294 locis,

131 3315 180 3368 ubi
198 3314 267 3367 nihil
285 3313 358 3368 aliud
376 3331 456 3388 quara
474 3312 656 3368 Dicaearchus
675 3313 790 3383 scriptor
814 3311 848 3364 ob
867 3309 997 3365 librorum
1022 3310 1172 3365 doctrinam
1191 3302 1227 3361 ad

132 3397 286 3464 docendum
304 3410 455 3484 aptissimus
472 3409 614 3472 statuitur,
642 3405 709 3460 illud
727 3405 906 3473 colligendum
924 3421 982 3460 asae
999 3405 1109 3460 censuit.
1156 3405 1227 3477 Epp.

62 3507 65 3512 “
133 3503 169 3556 ad
186 3504 241 3558 att.
260 3506 304 3569 11,
322 3512 352 3562 2:
380 3523 419 3570 „o
444 3520 567 3571 magnum
585 3501 722 3568 hominem
740 3507 767 3551 et
785 3515 801 3549 a
821 3516 874 3571 quc
898 3501 983 3553 multo
1006 3500 1084 3572 plora
1102 3498 1229 3556 didicerit

134 3615 216 3670 quara
234 3597 267 3650 de
285 3596 423 3652 Procilio“
441 3595 528 3659 vlu,
546 3595 572 3650 4.
610 3591 828 3668 „Dicaearchum
850 3591 1004 3648 mehercule
1029 3602 1076 3649 aut
1094 3595 1230 3650 Aristeae·

134 3708 200 3746 nunu
226 3690 329 3745 diceres
356 3690 469 3754 arcessi,
495 3706 552 3744 non
577 3706 661 3744 unum
687 3690 806 3742 omnium
832 3687 1049 3759 loquacissimum
1074 3698 1103 3742 et
1119 3689 1229 3743 minime

137 3793 229 3858 aptum
248 3785 282 3836 od
297 3785 479 3841 docendum.“
1146 3829 1150 3842 ,

207 3879 237 3950 3)
254 3880 306 3932 Vel
325 3877 467 3931 nonnullas
486 3873 594 3928 dicendi
619 3875 751 3940 rationes,
777 3883 807 3928 ut
830 3876 1079 3954 συμφιλομάθησον,
1105 3874 1229 3952 ἕργῶδςς,

137 3969 400 4052 ἅνθηρογραφεῖσθαι
423 3979 451 4028 et
474 3967 547 4043 quod
572 3967 600 4020 in
626 3967 764 4038 proverbii
778 3975 866 4026 'usum
891 3969 996 4027 abierat
1021 3967 1077 4039 ἅλις
1103 3969 1180 4050 δρυός
1197 3988 1230 4026 ea

139 4066 303 4126 Dicaearchi
320 4065 427 4142 scriptis
444 4063 582 4138 repetiisse
599 4062 711 4118 ridetur.
1180 4059 1194 4070 ''

534 4229 857 4258 m
