2728 4726
78 1477 87 1489 ⁸
188 1489 193 1528 ι

344 1233 346 1240 ,
541 1143 680 1260 Caput
707 1161 898 1242 sextum.

175 1297 413 1401 nimus
429 1319 693 1413 quae'ltteres
716 1342 758 1400 et
781 1341 888 1426 ortes
910 1349 1122 1410 “nmque
1144 1335 1270 1397 msto·

516 1431 619 1492 riam
634 1433 924 1507 spectaverunt.

177 1757 294 1853 Quos
325 1773 421 1862 titulo
452 1773 534 1858 tropi
567 1772 657 1850 βίων
693 1778 968 1838 commemoratum
1001 1779 1051 1838 est
1081 1772 1270 1838 Dicaearchi

35 1869 41 1981 Γ
175 1903 258 1968 opus
272 1883 340 1968 jem
359 1903 468 1963 nemo,
487 1889 524 1947 ut
543 1883 655 1946 Dosius
676 1883 751 1945 oiim
770 1885 895 1960 statuit,
910 1877 947 1970 ²)
973 1899 1034 1964 pro
1054 1901 1116 1943 uno
1141 1880 1272 1943 eodem·
1356 1905 1357 1914 ν

176 2011 240 2074 que
267 2011 339 2055 cum
373 1988 439 2072 βίῳ
465 1989 526 2078 τῆς
549 1980 722 2063 Ἑλλάδος
746 1991 885 2054 habehit
932 1989 1050 2072 Majori
1079 1991 1172 2052 etiam
1199 1985 1271 2051 ieri

76 2187 80 2194 ι
170 2099 305 2210 gpecie,
341 2115 435 2179 quum
469 2097 621 2180 princeps
653 2097 748 2180 hujus
780 2098 889 2178 operis
921 2099 1032 2159 titulus
1063 2093 1134 2169 βίοι
1169 2095 1270 2158 inisse

175 2207 339 2285 videatur,
359 2205 522 2288 conjicere
542 2215 706 2288 possemus
726 2203 954 2267 Dicaearchum
975 2204 1017 2266 tie
1037 2205 1100 2266 vita
1120 2206 1153 2267 in
1173 2203 1270 2266 rehus

175 2311 321 2378 civilibus
342 2319 376 2377 et
396 2313 592 2391 domesticis,
612 2313 715 2375 literis
734 2317 768 2375 et
789 2313 907 2376 artibus
927 2319 1080 2394 occupatu
1094 2332 1155 2376 uon
1168 2311 1271 2376 solum

177 2421 352 2499 Graeciae,
387 2419 445 2484 sed
471 2421 566 2482 etiam
592 2421 722 2482 aliarum
749 2426 923 2484 terrarum·
938 2421 1160 2503 amplissimum
1188 2439 1271 2501 opus

152 2513 391 2611 “composuisse
411 2528 510 2609 idque
531 2525 630 2603 βίους
650 2529 865 2610 inscripsisse,
891 2530 1022 2612 eJ'usque
1044 2529 1152 2609 operis
1171 2528 1272 2610 iusig·
1343 2583 1352 2596 ,

115 2721 130 2726 -
174 2656 248 2702 uem
267 2643 392 2718 partem
413 2633 490 2710 βίον
512 2634 573 2722 τῆς
589 2621 757 2710 Ἑλλάδος
778 2638 950 2716 exstitisse,
974 2639 1159 2718 ,quanquam
1184 2636 1270 2700 huuc
1353 2665 1356 2670 2

175 2745 292 2809 iterum
311 2746 415 2826 ipsum
434 2746 467 2806 in
489 2744 664 2825 compluria
685 2745 806 2826 capita,
833 2746 932 2808 veluti
958 2742 1037 2819 βίον
1057 2740 1270 2833 Ἀθηναίων,

173 2844 396 2937 Κορινθίων,
421 2846 642 2936 Πελληναίων
664 2857 742 2930 etc,
765 2835 906 2915 hivisum.
932 2853 1035 2915 ,Unus
1055 2859 1175 2930 autem,
1195 2869 1271 2932 ¹quo

175 2961 264 3046 quod
291 2959 440 3042 equidem
467 2962 564 3022 seiam
591 2958 670 3022 iliud
690 2959 876 3024 Dicaearchi
908 2979 988 3041 opus
1017 2959 1143 3022 disertis
1164 2935 1271 3020 verbis

175 3069 346 3140 iudicatum
375 3073 442 3146 est,
469 3073 558 3133 iocus
579 3067 664 3148 apud
684 3067 858 3150 Diogenem
886 3067 1047 3130 Lairtium
1066 3066 1126 3144 ΙΙΙ,
1141 3065 1176 3138 ,4
1203 3070 1271 3144 est,

174 3177 231 3239 uhi
251 3176 331 3238 haec
350 3175 499 3258 leguntur
517 3174 629 3236 verbex
650 3165 745 3237 καθά
768 3175 828 3238 καί
848 3159 1062 3257 Δικαίαρχος
1080 3167 1116 3235 ἑν
1136 3163 1271 3255 πρώτῳ

174 3270 254 3367 trapi
274 3280 371 3356 βίων.
412 3284 545 3346 Etiamsi
571 3299 648 3344 vero
674 3283 742 3364 jam
769 3281 903 3346 credere
927 3283 1057 3360 liceret,
1083 3281 1191 3362 operia
1211 3281 1275 3344 Di·

174 3391 342 3456 caeerchei
362 3392 602 3473 inscriptionem
628 3389 711 3473 περὶ
739 3387 827 3463 βίων
854 3391 905 3453 vel
933 3392 1046 3467 etiam,
1076 3389 1222 3472 inprimis
1242 3389 1273 3453 ui

154 3499 218 3578 ¹sie
239 3499 314 3561 solis
336 3498 538 3580 philosophis
559 3498 663 3580 egisse
685 3491 875 3579 cogitamus,
903 3499 1133 3561 accuratiorem
1157 3499 1273 3582 magis·

176 3625 240 3688 que
256 3585 451 3688 ⁸singularem
472 3611 505 3668 et
525 3603 620 3668 talem
640 3587 848 3685 ieth'oiuisse,
870 3607 969 3688 qualis
990 3607 1139 3689 Diogenis
1152 3604 1273 3668 Losrtfl

174 3715 268 3797 operi
290 3717 339 3776 est
358 3713 438 3795 scapi
457 3707 562 3787 βίων,
584 3697 773 3792 δογμάτων
794 3712 855 3775 καί
881 3701 1270 3796 ἀποφθεγμάτωντῶν

58 3830 59 3836 ’
174 3813 212 3882 ἒν
241 3810 438 3901 φιλοσοφίᾳ
468 3806 792 3903 εὖὸοκιμησάντωνε
821 3838 1006 3901 persuasum
1036 3817 1139 3881 tumen
1166 3809 1298 3910 haheo*

172 3923 255 4008 περὶ
276 3921 363 3997 βίων
386 3923 471 4006 quud
491 3927 639 3988 citetura
656 3927 816 4007 scriptore
838 3928 993 4008 qui·citat
1006 3925 1184 4008 proiectum
1199 3941 1272 3988 esse

173 4035 287 4098 eodem
315 4035 409 4116 plene
437 4033 531 4098 modo
561 4051 623 4114 quo
650 4033 833 4097 Athenaeus
853 4031 942 4106 ΧΙΙΙ,
967 4031 1030 4095 Dii
1049 4033 1080 4096 h.
1106 4029 1183 4107 βίον
1208 4030 1272 4119 τῆς

63 4211 66 4218 .
170 4131 358 4217 Ἑλλάδος,
380 4143 435 4223 qui
457 4141 656 4224 ejusoperis
677 4141 787 4205 titulus
804 4141 893 4203 omni
914 4130 1108 4224 dubitatione
1128 4143 1272 4202 exemtus

173 4253 239 4333 est,
266 4250 381 4335 alleget
406 4242 443 4315 iu
464 4250 569 4334 τρίτῳ
589 4247 673 4334 περὶ
694 4245 761 4312 cori
779 4246 842 4336 τῆς
859 4225 1026 4322 Ἑλλάδος
1044 4243 1123 4324 βίον
1150 4249 1186 4310 et
1204 4261 1272 4328 quo
1353 4321 1354 4324 Ἴ
