2720 4724
973 185 978 210 l

151 420 322 486 exhibitum,
354 419 452 476 deindo
477 431 548 478 sero·
567 391 657 479 veihis
680 429 758 484 sidat
773 423 911 499 λαμβάνειν
927 421 958 476 ἱιι
975 421 1125 478 ontionem
1142 429 1246 476 rectam

102 549 107 556 ›
145 517 293 571 -trausimsn
311 516 411 570 factum
428 531 486 569 erse
503 518 606 582 statuit,
624 516 676 569 sibi
695 517 752 588 ipsi,
764 535 820 585 non
838 516 968 584 constit-it,
987 516 1115 590 quoniam
1129 503 1264 587 sequeu-¹

152 612 191 664 tin
218 611 315 675 verba,
343 609 434 681 qualia
460 609 568 682 quidem
595 613 753 682 proposuit,
779 609 811 668 od
829 615 863 688 di
884 616 942 668 λίαν
957 613 1072 686 μυθικὸν
1090 639 1122 654 ··
1138 606 1247 684 desirate

152 703 244 765 adhue
260 705 295 756 sd
313 701 460 763 orabo'uern
478 703 618 775 obliquam
635 705 781 775 pertinent.
852 703 854 707 ’

220 797 291 856 ,Cum
317 805 409 850 nostro
431 798 493 852 loco
517 799 703 862 Dioneareheo
729 799 800 870 apud
825 797 1002 870 Porphyrium
1026 799 1084 854 sine
1106 785 1191 856 dubio
1216 800 1248 854 hi

118 877 119 882 ¹
152 889 208 944 duo
226 889 357 946 Varronis
374 891 429 946 loci
447 892 603 951 conferendi
621 900 684 946 sust
702 893 735 945 de
753 910 782 946 re
800 894 935 958 rustical,
954 900 971 950 2
990 894 1164 965 „etquidem
1182 895 1252 950 licet

152 985 284 1054 adjicias,
305 967 433 1057 inqlram,
457 993 595 1054 pastorum
612 986 696 1040 vitam
715 1003 771 1038 esse
789 984 968 1053 incentivam,
992 989 1250 1054 agricolarum‘suc·

152 1080 298 1144 conlisum,
319 1085 429 1134 anctore
446 1077 600 1134 decussimo
618 1079 729 1134 homine
748 1080 931 1144 Dicaearcho,
948 1081 997 1153 qui
1015 1081 1145 1136 Graeciae
1162 1082 1251 1136 vitam

151 1175 241 1247 qualis
258 1173 340 1238 luerit
358 1172 393 1224 ab
411 1171 491 1226 initio
508 1171 587 1234 nobis
604 1172 643 1226 ita
661 1174 794 1240 ostendit,
829 1181 859 1228 ut
881 1175 1063 1247 superioribus
1079 1175 1250 1248 temporibus
1287 1197 1291 1202 ·

109 1295 121 1312 a
150 1267 235 1322 luisse
253 1267 371 1333 docent,
382 1280 445 1338 curn
462 1263 593 1320 homines
603 1267 769 1338 parturitium
788 1268 869 1324 vitam
888 1270 1023 1331 viverent,
1042 1285 1132 1342 neque
1149 1269 1258 1339 scirent·

151 1361 234 1423 etiarn
253 1378 328 1416 arare
345 1369 444 1414 terram
461 1369 508 1414 ant
532 1377 620 1416 serere
645 1362 753 1433 arbores
779 1370 826 1415 aut
849 1371 959 1435 putare;
994 1364 1029 1418 ab
1055 1363 1097 1418 hia
1121 1363 1252 1418 inferiore

152 1454 237 1522 gradu
255 1447 350 1508 aetatis
375 1461 527 1526 susceptam
553 1455 774 1522 agriemturamr‘
817 1457 860 1519 il,
881 1463 896 1512 t
916 1458 1039 1526 „lgitur,
1067 1457 1193 1531 inquam,
1221 1467 1253 1513 et

151 1547 277 1604 homines
294 1555 323 1630 et
339 1563 427 1622 pecua
445 1565 506 1604 curu
523 1533 629 1620 semper
646 1548 726 1602 luisse
750 1547 785 1602 sit
808 1565 931 1612 necesse,
958 1559 1069 1616 natura,
1081 1533 1082 1538 ἵ
1096 1552 1151 1605 sive
1174 1553 1252 1604 euim

85 1699 89 1708 x
152 1641 267 1716 aliquod
283 1643 336 1698 isit
352 1643 515 1715 principium
534 1641 678 1710 generandi
697 1642 852 1696 animalium
877 1641 1028 1714 (singularis
1047 1643 1114 1698 haec
1132 1646 1252 1712 conjun-

137 1737 231 1806 ,gendi
250 1737 318 1791 ratio
336 1739 374 1792 ita
392 1738 550 1812 explicanda
568 1747 624 1806 est,
651 1747 682 1792 ut
696 1739 866 1812 principium
884 1737 1040 1810 generandi
1057 1757 1137 1792 unam
1154 1719 1251 1794 notio-¹

127 1825 131 1836 '
151 1848 214 1885 nem
238 1833 378 1888 continere
399 1841 427 1886 et
451 1833 613 1888 animalium
637 1833 770 1900 genitivus
788 1850 804 1883 a
818 1834 990 1905 pra-incipiam
1007 1833 1126 1904 pendere
1144 1815 1275 1898 cogite·¹

151 1905 274 1996 bar),'ut
290 1909 513 1998 putavit'Thales
529 1914 651 1980 Milesius
668 1934 695 1978 et
712 1929 783 1979 Zeno
801 1925 932 1990 (liniens,
958 1925 1015 1980 sive
1032 1933 1127 1980 contra
1144 1925 1250 1996 prinei·

151 2021 227 2092 piam
240 2021 335 2074 horum
347 2020 448 2082 exstitit
458 2022 572 2086 nullum,
593 2027 623 2074 ut
634 2021 751 2079 eredidit
762 2021 925 2089 Pythagoras
937 2021 1041 2074 Seruius
1053 2028 1080 2074 et
1091 2019 1250 2074 Aristoteles

152 2113 328 2184 Stagirites,
342 2131 451 2168 necesse
478 2122 518 2168 est
540 2113 674 2168 humanae
698 2113 770 2169 vitae
797 2113 950 2184 (legendum
975 2113 1082 2168 videtur
1098 2111 1250 2168 humanam

151 2209 254 2274 vitam)
277 2225 292 2260 a
316 2190 417 2261 summa
434 2207 562 2262 memoria
579 2207 709 2274 gradatim
728 2206 897 2272 descendisse
915 2206 1038 2260 adhunc
1056 2215 1189 2273 aetatem,
1216 2217 1251 2261 ut

151 2301 246 2358 scribit
264 2301 462 2367 Dicaearchus,
482 2311 511 2356 et
527 2307 657 2355 summurn
676 2302 785 2370 gradum
803 2302 884 2356 luisse
902 2304 1047 2356 naturalem
1057 2283 1070 2368 ,Ι
1091 2319 1154 2357 cum
1171 2302 1250 2358 vive-

151 2405 214 2452 rent
230 2396 352 2454 hunriues
369 2413 402 2450 er
420 2395 473 2450 illis
491 2397 588 2462 rebus,
608 2415 678 2469 quae
696 2398 826 2451 inviolata
844 2397 914 2450 ultro
933 2397 1014 2450 ferret
1031 2403 1119 2460 terra,
1144 2413 1177 2450 ex
1194 2397 1250 2450 hac

144 2493 208 2558 'vita
226 2493 255 2544 in
273 2493 415 2546 secuudum
435 2492 604 2546 descendisse
621 2479 787 2564 pastoritiam
805 2491 901 2546 eserie
919 2501 1000 2563 atque
1024 2491 1186 2558 agrestibus,
1216 2500 1251 2545 ut

44 2593 50 2600 '
152 2603 185 2638 ex
211 2584 352 2650 arboribus
385 2603 417 2640 ac
443 2585 563 2650 virgultis
586 2585 758 2656 decerpendo
785 2583 926 2652 glandem,
960 2585 1084 2638 arbatum
1110 2602 1249 2658 pomaque

151 2677 310 2746 colligerent
327 2679 362 2732 ad
381 2697 465 2744 usum,
485 2680 522 2740 sic
541 2697 575 2752 ex
590 2679 754 2732 animalibus
772 2696 832 2732 cum
850 2686 960 2750 propter·
974 2679 1090 2751 eandem
1102 2679 1248 2732 utilitatem

151 2789 222 2843 quae
239 2759 349 2844 possent
366 2772 498 2828 silvestria
517 2771 750 2846 deprehenderent
768 2789 800 2826 ac
818 2773 1012 2830 concluderent
1029 2779 1057 2825 et
1075 2788 1249 2826 mansuesce-

151 2875 221 2921 rent·
262 2868 298 2924 lu
324 2863 400 2939 queis
426 2869 540 2938 primum
566 2852 622 2921 uon
648 2869 707 2920 aine
731 2882 811 2920 causa
836 2874 935 2938 putant
960 2884 1022 2920 oves
1046 2875 1194 2937 assumptas
1218 2874 1249 2920 et

151 2971 263 3034 propter
279 2961 477 3034 placiditatem:
509 2962 624 3015 maxime
645 2963 716 3015 enirn
735 2961 786 3014 hae
804 2969 901 3015 natura
921 2947 1027 3034 quietae
1046 2969 1073 3014 et
1090 2959 1248 3030 aptissimae

60 3086 62 3090 -
153 3057 188 3106 ad
204 3057 287 3109 vitam
306 3055 464 3128 hominurn,
491 3055 526 3108 ad
543 3055 635 3110 cibum
653 3055 724 3108 enirn
749 3055 821 3109 lacte
845 3063 874 3109 et
889 3071 996 3109 caseum
1013 3053 1183 3119 adhibitum,
1211 3053 1248 3106 ad

152 3165 250 3224 corpus
275 3151 400 3208 vestitum
422 3159 450 3204 et
474 3151 556 3228 pelles
582 3150 736 3204 attulerunt.
781 3151 874 3204 Tertio
899 3149 1015 3220 denique
1041 3148 1132 3215 gradu
1147 3165 1163 3198 a
1189 3146 1247 3200 vita

151 3230 282 3316 pastorali
300 3246 334 3298 ad
352 3244 541 3312 agriculturam
567 3243 778 3300 descenderunt3
807 3242 837 3294 in
855 3259 908 3313 qua
926 3258 959 3296 ex
977 3240 1080 3307 duobus
1098 3240 1247 3321 superiori-

151 3337 204 3392 bus
221 3341 389 3392 retinuerunt
406 3338 490 3392 multa
508 3346 534 3392 et
557 3330 614 3408 quo
636 3329 849 3402 descenderant,
879 3336 918 3390 ibi
940 3343 1128 3408 processerunt
1153 3334 1245 3400 longe,

152 3431 218 3486 dum
234 3449 320 3486 sunus
338 3431 540 3504 pervenirent.“
566 3461 601 3474 -
626 3434 659 3486 In
677 3431 816 3503 postremis
833 3431 911 3500 hujus
928 3431 982 3484 loci
1000 3428 1089 3484 verbis
1106 3428 1246 3484 Victorius

151 3523 260 3579 ad'nor
277 3524 431 3578 emendarit
447 3525 526 3598 eique
543 3527 720 3580 Ruttnsnunus
738 3542 858 3578 assensus
875 3532 930 3590 eat,
956 3524 1029 3597 quod
1048 3523 1155 3594 quidem
1174 3525 1247 3578 veri-

152 3619 215 3672 tatis
232 3617 321 3690 specie
339 3636 394 3672 nou
412 3627 505 3682 caret,
533 3613 585 3674 nisi
601 3620 672 3675 forte
690 3637 781 3674 annua
796 3619 954 3690 perveniret
977 3619 1148 3690 (perveniret
1172 3617 1246 3670 euim

153 3712 234 3765 etiam
251 3710 377 3766 codicum
394 3713 476 3775 lectio
493 3717 546 3781 est)
568 3715 655 3783 legere
673 3713 755 3786 idque
772 3713 806 3768 de
823 3713 946 3767 instituta
963 3711 1099 3766 ordinaria
1116 3711 1246 3782 temporis

153 3805 356 3875 computatione
373 3805 520 3874 intelligere
537 3815 664 3879 praestat.
708 3809 883 3862 Buttmannus
909 3806 998 3862 locum
1020 3803 1244 3869 Dicaeareheum,

154 3915 233 3970 quem
252 3899 413 3971 Porphyrius
430 3899 556 3967 exhibet,
590 3917 611 3956 a
624 3901 747 3958 Varrone
761 3901 827 3958 satis
846 3900 960 3954 fideliter
977 3899 1109 3954 redditum
1128 3905 1157 3952 et
1173 3915 1246 3950 uou-

101 4027 105 4036 ι
152 3991 205 4050 uiri
230 3993 321 4068 aliqua
344 3995 463 4064 ratione,
498 3997 569 4050 sicut
591 3997 735 4069 praecipue
748 3997 786 4068 'in
811 3993 900 4049 verbis
926 4000 978 4058 „ut
1002 4009 1035 4044 ex
1052 3990 1245 4047 arboribusac

31 4079 46 4087 '⁸
129 4087 275 4168 ¹uirgultis
292 4087 463 4164 decerpendo
489 4088 630 4158 glandem,
660 4083 802 4154 arbatum,
835 4101 1065 4158 menaporurque
1088 4083 1246 4152 colligerent

152 4179 187 4252 ad
205 4183 302 4249 usumfi
329 4192 358 4238 et
382 4183 433 4252 „id
450 4185 526 4261 queis
545 4213 576 4232 ·-
596 4183 780 4250 attulerunt,“
810 4181 1004 4252 amplificatum
1022 4186 1079 4236 erse
1097 4178 1245 4236 rectissime
