2734 4718
527 264 897 338 *2370*-

168 457 463 541 palaeographicam
485 453 721 518 similitudinem
741 455 833 516 nimis
853 452 947 536 longe
967 451 1147 517 recederet.
1197 454 1262 518 Ce-

166 575 269 632 terum
291 569 385 628 ctiam
406 567 438 628 in
459 565 523 626 fine
544 564 713 645 fragmenti
728 577 901 650 σταμαου,
921 579 984 624 aon
1006 563 1147 650 osoplon
1170 561 1264 626 codi-

166 695 238 740 ccm
265 675 434 736 lectionem
464 691 535 734 ease
563 671 780 751 compluribus
810 669 886 730 viris
908 666 1010 732 doctis
1030 669 1126 732 iidem
1148 669 1264 733 habui·

165 802 243 848 runs.
285 781 452 844 Salmasius
473 780 493 840 Ι.
507 779 529 839 l.
549 779 719 859 rescripsit
739 765 838 860 μέχρι
861 775 925 838 τοῦ
940 764 1142 862 Μαγνήτων
1165 774 1264 863 α’φο·

166 882 254 976 ρι’ζω
284 882 462 976 ’ομολίου,
501 885 632 951 Vossius
667 883 836 964 legendum
870 885 1037 966 proposuit
1065 876 1167 967 μέχρι
1198 882 1266 948 τοῦ

167 985 369 1084 Μαγνήτων
387 989 549 1083 Ὸμολίου
577 993 639 1057 καὶ
660 993 734 1056 τῶν
760 985 951 1056 Θετταλῶν
978 985 1143 1075 άφορίζω
1178 985 1266 1082 Τέμ-

165 1121 264 1182 πους.
289 1180 293 1187 p
314 1103 483 1168 Hudsanus
510 1101 741 1166 restituendum
769 1119 838 1163 esse
868 1097 1055 1162 existimauit
1073 1093 1175 1188 μέχρι
1198 1098 1267 1166 τοῦ

166 1205 367 1296 Μαγνήτων
390 1202 555 1294 α’φορίζω
578 1202 721 1294 κόλπου
735 1206 834 1286 idque
855 1207 1104 1270 aZosimadibus
1120 1211 1265 1287 quamvis

164 1324 199 1384 in
219 1321 313 1383 textis
326 1317 487 1380 codicum
515 1317 685 1380 lectionem
711 1317 922 1378 retinentibus
943 1316 1180 1395 comprobatum
1204 1323 1264 1378 est.

164 1429 200 1492 ln
221 1426 363 1490 editione
384 1425 542 1488 Holsienii
562 1424 727 1486 Maeniana
747 1421 948 1484 scribendum
970 1441 1039 1484 esse
1060 1425 1263 1504 praecipitur

165 1529 267 1621 μέχρι
293 1535 360 1598 τοῦ
390 1527 589 1620 Μαγνήτων
616 1525 782 1616 Ὀμολίου
812 1524 997 1616 ἀφορίζων
1025 1530 1084 1592 καὶ
1110 1525 1264 1618 Τεμπῶν

107 1661 109 1666 ·
164 1645 349 1725 ibidemque
370 1645 403 1708 in
424 1644 488 1706 line
508 1641 677 1735 fragmenti
698 1643 900 1721 propositum
920 1643 969 1702 est
990 1625 1057 1714 ἕως
1077 1644 1149 1702 τῶν
1175 1637 1262 1702 Θετ-

164 1749 283 1816 ταλῶν
318 1747 470 1836 Τεμπῶν
501 1751 559 1811 καὶ
586 1749 650 1810 τοῦ
672 1738 872 1834 Μαγνήτων
890 1739 1066 1832 Ὁμολίου.
1115 1738 1264 1811 Merxius

164 1867 274 1924 nostro
299 1859 372 1922 loco
398 1859 461 1920 sihi
489 1856 634 1918 arridere
662 1855 826 1936 professus
853 1858 902 1916 est
926 1855 1089 1940 στομίου,
1118 1859 1152 1916 et
1173 1854 1264 1934 qnod

165 1974 278 2048 postea
298 1969 483 2028 recurreret
505 1961 561 2049 (at
582 1963 633 2046 iac
655 1963 700 2024 ita
716 1979 828 2024 revera
848 1967 943 2039 essct,
965 1979 1028 2042 qua
1048 1959 1089 2022 de
1109 1979 1147 2022 re
1169 1959 1264 2024 dubi·

164 2079 235 2136 tare
256 2092 313 2136 nos
326 2071 549 2146 adnotavimus,
575 2061 763 2132 Θετταλῶν
779 2071 921 2152 στομίου
943 2069 988 2131 ihi
1002 2069 1175 2150 legeretur,
1198 2089 1264 2132 naa
1363 2095 1364 2124 τ

167 2174 395 2268 Μαγνήτων).
419 2186 452 2242 et
480 2177 565 2258 quod
586 2177 705 2240 Plinius
725 2177 757 2238 h.
778 2197 807 2240 n.
830 2177 892 2254 lV,
921 2175 944 2238 9
970 2177 1056 2238 inter
1077 2177 1263 2258 Magnesiae

165 2288 262 2350 urbes
290 2288 386 2350 etiam
412 2285 518 2348 Penei
542 2287 652 2347 octium
680 2279 949 2346 commemoraret.
998 2283 1120 2346 (icilius
1150 2285 1263 2364 quiin

164 2396 333 2458 verborum
361 2390 520 2462 contextu*
538 2392 685 2454 codicum
715 2392 809 2474 hujus
836 2391 899 2452 loci
926 2391 1095 2475 lectionem
1125 2393 1264 2472 protulit

164 2505 270 2586 primo
297 2502 451 2584 adspectu
482 2503 626 2588 στομίου
656 2499 870 2580 adoptandum
898 2499 1001 2562 videri
1029 2499 1206 2562 adnotavit:
1234 2502 1263 2564 si

167 2613 251 2674 enim
272 2597 436 2706 ,pocoovg
455 2609 507 2671 vel
527 2600 689 2694 Ὀμολίου
710 2609 954 2684 rescriberetur,
975 2607 1130 2670 Graeciae
1151 2610 1264 2670 termi-

164 2739 239 2782 num
260 2737 322 2782 non
342 2718 383 2780 ad
403 2736 491 2779 mare
511 2716 665 2798 perduci,
686 2713 743 2777 sed
764 2734 835 2776 eum
857 2715 896 2776 ad
916 2716 1039 2793 locum,
1060 2715 1116 2776 ubi
1135 2715 1264 2778 Peneus

164 2815 226 2908 per
239 2827 362 2906 Tempe
381 2825 484 2888 liuere
504 2825 665 2904 coepisset
685 2829 719 2884 et
739 2805 986 2912 ubi'llomolium
1006 2822 1131 2884 fuisset.
1167 2823 1263 2884 Hunc

166 2941 271 2998 entem
290 2934 447 2998 Graeciae
467 2918 635 2994 terminum
657 2931 797 2993 Phileam
818 2936 963 2994 statuere
980 2944 1115 3010 eumque
1128 2931 1265 3012 Magne·

96 3042 98 3046 ’
166 3043 244 3106 aiam
265 3047 355 3104 extre
369 3035 536 3104 (iraceianr
557 3038 727 3115 collocare,
749 3039 976 3112 Dicaearchum
997 3044 1107 3100 contre
1127 3039 1264 3102 alienam

166 3171 186 3212 n
205 3150 317 3214 Philea
337 3151 523 3212 sententiam
544 3148 635 3228 sequi
657 3153 691 3208 et
716 3149 748 3208 in
769 3129 833 3208 fiue
853 3148 993 3228 prosaici
1013 3147 1184 3228 fragmenti
1205 3167 1266 3210 eas

166 3259 352 3337 increpare,
384 3257 438 3336 qui
459 3254 653 3318 Thessaliam
682 3249 845 3336 (ideoque
866 3254 959 3342 etiam
980 3253 1197 3336 Magnesiam)
1229 3256 1265 3317 in
1362 3251 1363 3328 J

168 3365 304 3427 Graecia
332 3367 467 3444 positam
497 3363 651 3426 nollent.
646 3361 734 3440 Qua
762 3361 803 3422 de
831 3380 869 3424 re
896 3336 981 3424 inira
1008 3364 1185 3424 accuratius
1207 3381 1263 3422 ex·
1362 3429 1363 3432 Ἴ

166 3471 304 3561 posituri
332 3469 468 3534 Gallium
505 3485 784 3531 commemoramus
821 3485 861 3528 ex
891 3466 1079 3540 Dicaearchi
1104 3469 1264 3530 sententia
1362 3481 1363 3531 ξ

166 3576 323 3642 Graeciae
347 3579 514 3640 terminum
541 3577 579 3640 ab
606 3577 772 3640 Ambracia
799 3594 900 3656 usque
929 3571 989 3637 ad
988 3594 1084 3637 mare
1106 3581 1139 3638 et
1159 3576 1260 3638 Penei

64 3754 67 3762 ,
167 3686 248 3750 ostia
267 3683 484 3746 collocandum
512 3684 671 3746 censuisse
691 3701 825 3764 eamque
846 3685 878 3746 in
898 3701 967 3744 rem
984 3676 1151 3767 “Opolaov
1174 3686 1263 3766 reje-

166 3792 259 3869 cisse,
286 3778 443 3879 Τὲμτιόυς
470 3809 545 3852 vero
574 3792 620 3861 itu
647 3791 888 3878 comprobasse,
920 3797 955 3851 ut
984 3809 1023 3876 ea
1051 3789 1141 3852 vellis
1167 3793 1261 3872 regio

166 3897 414 3986 intelligeretur,
434 3897 490 3960 ubi
503 3898 627 3960 Peneus
648 3897 837 3975 effunderet,
858 3905 953 3978 atque
972 3885 1073 3984 με’γρι
1092 3897 1157 3960 τοῦ
1177 3887 1260 3988 Τὲμ·

166 4021 260 4081 παυς
279 4004 366 4070 idem
387 4009 471 4068 esset
491 4023 529 4067 ec
549 4007 578 4068 si
598 4006 738 4086 scriptor
758 4007 889 4068 dixisset
902 3993 1001 4093 μέχρι
1022 4005 1088 4068 τοῦ
1111 4001 1262 4093 llpueeoo

167 4109 337 4188 indoloria.
378 4112 509 4178 Causam
528 4132 623 4191 vero,
653 4115 693 4176 oh
716 4133 808 4195 quam
834 4109 992 4199 Τέμττους
1012 4114 1261 4196 praeiercudurn

74 4196 348 4297 videretur,
380 4219 500 4284 (icilius
535 4237 603 4282 eam
642 4239 766 4302 quoquc
794 4220 963 4344 indicavit,
1000 4219 1085 4302 quod
1114 4220 1262 4284 codicum
