2720 4724
525 1089 666 1207 Caput
693 1086 916 1178 decimum.

271 1260 377 1368 ileos*
407 1278 475 1358 τῆς
502 1275 563 1354 εἰς
596 1274 849 1366 Τροφωνίου
879 1269 1175 1355 καταβάσεως.

176 1637 332 1720 Antrum
347 1653 525 1734 Trophonii
540 1656 573 1714 et
594 1651 753 1714 oroc'olum
774 1651 924 1733 singulari
944 1650 1118 1713 attentione
1139 1648 1270 1732 dignum

178 1760 278 1824 fuisse
299 1781 390 1824 nemo
413 1762 577 1824 dubitabit.
602 1751 636 1850 ξ)
686 1759 776 1840 Quod
805 1779 899 1840 quom
920 1762 964 1822 ita
984 1754 1132 1836 sit,-n‘ou
1151 1759 1272 1820 miran-

169 1871 253 1934 'dum
275 1877 341 1948 est,
371 1869 455 1949 quod
476 1869 687 1932 Dicaearchus
708 1867 749 1928 de
770 1886 809 1930 eo
831 1867 1030 1958 exposuerit,
1043 1915 1049 1925 .
1063 1867 1118 1946 qui
1139 1865 1271 1946 quidem

178 1998 249 2042 cum
268 1973 362 2040 'titulo
390 1973 426 2040 ἐν
454 1983 528 2050 τοῖς
549 1976 629 2060 περὶ
650 1977 712 2060 τῆς
732 1971 778 2051 εἰς
805 1970 1011 2060 Τροφωνίου
1033 1961 1271 2048 καταβάσεως

178 2085 393 2166 compluribus
414 2085 493 2146 iocis
513 2083 665 2164 allegatus
686 2089 743 2144 est
791 2073 858 2162 Qua
884 2088 988 2144 tamen
1007 2083 1041 2144 iu
1062 2101 1100 2143 re
1122 2081 1271 2143 dubitare

94 2241 98 2252 i
176 2193 271 2286 licet,
304 2191 384 2252 haec
413 2189 592 2252 dissertatio
620 2207 681 2270 pro
712 2190 861 2271 singulari
888 2195 921 2251 et
948 2195 1094 2270 separato
1123 2189 1206 2250 lihro
1228 2209 1270 2251 au

177 2317 239 2382 pro
266 2304 358 2379 parte
384 2305 507 2378 tautum
538 2275 699 2378 amplioris
734 2297 894 2381 cujusdam
926 2282 1047 2380 scripti⁸
1069 2296 1181 2358 haheri
1212 2295 1271 2359 de·
1352 2373 1353 2376 Ἴ

179 2409 264 2473 hest.
293 2403 331 2496 ²)
381 2405 555 2486 Equidem,
592 2424 766 2486 quanquam
800 2405 875 2466 alias
910 2423 1036 2484 quoque
1069 2406 1271 2488 conJeotoras
1352 2393 1353 2396 ¹

179 2535 297 2596 eosque
317 2534 378 2576 uon
400 2515 493 2594 plane
514 2515 638 2594 ineptas
658 2511 808 2594 proferre
822 2531 957 2594 possem,
969 2508 1170 2593 ³),priorem
1179 2513 1271 2576 illam

179 2623 355 2703 amplector
375 2622 561 2683 seutentiam
582 2639 650 2682 eam
671 2621 818 2702 inprimis
839 2621 1031 2698 chorosam,
1053 2620 1139 2700 quod
1152 2621 1270 2684 Cicero

144 2773 159 2787 ,η
179 2730 300 2810 aliquot
320 2729 398 2820 locis
427 2748 465 2791 eo
498 2728 538 2790 de
566 2729 648 2792 lihro
674 2730 721 2817 lta
746 2729 905 2808 loquitur,
938 2732 975 2789 ut
1001 2701 1160 2809 singulare
1188 2747 1271 2808 opus

180 2837 326 2904 effecisse
346 2838 460 2898 merito
481 2835 556 2898 iude
570 2836 760 2929 colligamus.
775 2829 812 2920 ⁴)
847 2835 950 2896 Etiam
963 2833 1161 2912 Plutarchus,
1181 2842 1271 2916 post·

181 2965 274 3030 quam
291 2944 455 3026 Lamprias
474 2943 576 3006 frater
597 2961 803 3024 quaecuuque
816 2942 982 3004 Lebadeae
1002 2945 1154 3004 memorie
1175 2944 1272 3026 digna

182 3061 271 3116 eraut
290 3053 438 3136 coguovit
459 3051 500 3114 de
520 3053 624 3132 iisque
650 3057 798 3134 erogatas
824 3031 1053 3131 interrogarit,
1081 3050 1197 3112 lihrum
1229 3051 1273 3114 de

183 3154 335 3224 descensu
355 3161 388 3223 iu
407 3160 585 3242 Trophonii
611 3159 772 3221 oraculum
801 3157 985 3240 composuit.
1005 3153 1043 3243 ⁸»)
1073 3151 1273 3224 ‘similitudi-

170 3269 230 3372 'uis
250 3281 342 3333 causa
355 3270 510 3349 llellanici
533 3259 705 3344 ἀνάβασις
726 3273 774 3346 οῖς
789 3263 970 3354 Ἀμμωνος
991 3267 1101 3330 afferri
1113 3273 1221 3350 potest
1234 3260 1271 3354 6)

119 3443 121 3446 ,
182 3381 216 3437 et
237 3375 322 3456 quod
342 3376 382 3438 ad
402 3378 561 3459 singulare
580 3377 656 3439 libri
676 3381 891 3458 argumentum
911 3375 1030 3438 haecce
1050 3376 1171 3456 scripte
1185 3394 1273 3438 cour-

183 3483 291 3563 pararl
311 3489 459 3564 possuntt
493 3485 627 3546 Alcetas
653 3485 731 3566 περὶ
756 3481 828 3545 τῶν
853 3479 890 3544 ἐν
910 3474 1067 3566 Δελφοῖς
1088 3472 1272 3568 ἀναθημά-

63 3581 66 3586 ’
133 3634 136 3640 -
184 3607 273 3661 τωο,
292 3577 448 3676 Amphion
465 3580 550 3674 'oapi
570 3589 635 3684 τοῦ
656 3587 693 3654 ἐν
705 3583 869 3654 Ἑλικῶνι·
881 3582 1058 3652 Μουσείου
1074 3590 1273 3671 apud-ithe-

183 3713 312 3786 nseum,
331 3694 516 3778 Nicocrates
536 3696 617 3779 aspi
638 3695 701 3758 sori
721 3692 758 3758 ἑο
775 3689 933 3759 Ἑλικῶνι
955 3692 1093 3778 άγοῖνος
1108 3697 1150 3759 ci.
1164 3697 1274 3760 Schol.

184 3799 225 3866 ad
246 3800 282 3864 ll.
303 3819 334 3874 ν,
354 3817 398 3861 vs.
418 3798 469 3861 21,
499 3801 534 3864 si
556 3821 594 3863 en
614 3804 665 3878 iis,
686 3821 766 3882 quae
786 3803 818 3864 iu
839 3797 1034 3884 paucissimis
1056 3823 1273 3886 quaesuper·

184 3912 257 3970 suut
284 3905 469 3987 fragmentis
501 3895 712 3984 disseruntur,
748 3907 789 3968 de
817 3915 999 3990 argumento
1030 3911 1128 3972 totius
1153 3913 1275 3992 operis,

186 4012 272 4095 quod
297 4014 331 4074 iu
357 4010 522 4074 nonnullos
551 4012 649 4074 lihros
676 4013 725 4075 vel
750 4015 859 4076 saltem
887 4017 993 4097 cupita
1020 4015 1152 4080 divism
1172 4017 1273 4082 fuisse

186 4119 397 4195 crediderim,
411 4112 448 4205 ⁷)
470 4118 630 4201 conjicere
649 4119 791 4197 licuerit,
808 4122 883 4184 ‘eum
903 4123 1017 4186 librom
1039 4131 1150 4188 coutrs
1171 4126 1275 4189 (irae-

82 4307 92 4318 .
186 4245 296 4290 corum
323 4227 539 4290 insuriamret
571 4227 820 4310 magnificentiae
846 4230 982 4294 studium
1017 4233 1172 4314 scriptum
1203 4252 1276 4298 esse

460 4354 471 4398 s
